chain_id,sub_chain_id,store_id,item_status,allow_discount,price,unit_of_measure,unit_of_measure_price,is_weighted,quantity,quantity_unit,quantity_in_package,manufacturer_item_description,manufacture_country,manufacturer_name,name,item_type,code,price_date
7290027600007,001,001,0,true,18.2,"100 מ""ל",30.33,false,60.0,מיליליטרים,0,טבסקו אקסטרה,US,ניצן,"טבסקו אקסטרה חריף 60 מ""ל",1,11210006508,2022-09-30 01:05
7290027600007,001,001,1,true,10.9,"100 מ""ל",3.3,false,330.0,מיליליטרים,1,מי קוקוס+מנגו,VN,ויט וורלד קומפני,"מי קוקוס + מנגו 330 מ""ל",1,16229917647,2022-09-30 00:30
7290027600007,001,001,1,true,16.9,יחידה,16.9,false,1.0,יחידה,0,זוג מברשות,IE,P&G,2מברשות אדוונטג' מדיום40,1,3014260022730,2022-09-30 01:05
7290027600007,001,001,1,true,22.9,יחידה,22.9,false,1.0,יחידה,0,טמפוני או בה,GR,ג'\ונסון אנד ג'\ונסון,טמפוני או בה נורמל 32 יח,1,3574660089547,2022-09-30 00:30
7290027600007,001,001,1,true,22.9,יחידה,22.9,false,1.0,יחידה,0,טמפוני או-בה,DE,"ש. שסטוביץ בע""\מ",32טמפ. או-בה פרוקומפ.מינ,1,3574660333466,2022-09-30 00:25
7290027600007,001,001,0,true,14.9,יחידה,14.9,false,1.0,יחידה,1,מגני תחתון קרפרי,GR,ג'\ונסון אנד ג'\ונסון,מגן תחתון קרפרי 56 יח',1,3574661487328,2022-09-30 00:30
7290027600007,001,001,1,true,29.6,"100 מ""ל",9.87,false,300.0,מיליליטרים,0,מסכת אלביב,DE,kozmetik canan,מסכה אלביב קולור פרוטקט,1,3600522344070,2022-09-30 00:30
7290027600007,001,001,1,true,30.0,"100 מ""ל",20.0,false,150.0,מיליליטרים,1,גרנייה פיור ניקו,FR,לוריאל,גרנייה פיור 3ב1ניקוי150מ,1,3600541937475,2022-09-30 01:05
7290027600007,001,001,0,true,29.9,"100 מ""ל",59.8,false,50.0,מיליליטרים,1,סקין נט אלו ג'ל,DE,לוריאל,"סקין נט אלו ג'לי 50 מ""ל",1,3600542232036,2022-09-30 00:30
7290027600007,001,001,1,true,16.9,יחידה,16.9,false,1.0,יחידה,0,צבעי שיער פלטה,SI,הנקל סוד,צבע סמי קיט 5-0 חום בהיר,1,3838824127248,2022-09-30 00:35
7290027600007,001,001,0,true,10.0,100 גרם,10.0,false,100.0,גרמים,1,שוקולד אקסלנס,DE,לינדט ושפרונגלי,שוק.מריר לינדט70%מילד100,1,4000539280726,2022-09-30 00:25
7290027600007,001,001,1,true,15.0,"100 מ""ל",10.0,false,150.0,מיליליטרים,0,דאודורנט ניוואה,DE,ביירסדורף,דאו.ניוואה בלק&וייט 150מ,1,4005900036483,2022-09-30 00:30
7290027600007,001,001,0,true,15.0,"100 מ""ל",30.0,false,50.0,מיליליטרים,1,דאודורנט ניוואה,DE,---,דאו.ניוואה בלק&וייט 50 מ,1,4005900542557,2022-09-30 01:05
7290027600007,001,001,1,true,14.9,100 גרם,42.57,false,35.0,גרמים,0,חליטת לימון,DE,טיקנה,חליטת לימון ג'ינג'ר20שק,1,4009300525684,2022-09-30 00:25
7290027600007,001,001,1,true,14.9,100 גרם,17.74,false,84.0,גרמים,1,אורביט בקבוק,PL,---,מסטיק בקבוק M בבלמינט84ג,1,4009900496247,2022-09-30 00:30
7290027600007,001,001,1,true,7.1,100 גרם,16.9,false,42.0,גרמים,0,סוכריות וורטר,DE,שטורק,סוכ.וורטר ל.סוכר בוקס42ג,1,4014400907902,2022-09-30 00:30
7290027600007,001,001,1,true,10.9,"100 מ""ל",5.45,false,200.0,מיליליטרים,0,דאודורנט FA,TR,הנקל סוד,דאו.ספריי פינק פשיין 200,1,4015000519915,2022-09-30 00:30
7290027600007,001,001,0,true,18.9,יחידה,18.9,false,1.0,יחידה,0,מגן תחתון אולויז,DE,פרוקטר אנד גמבל,68מגני תח.אולוייז מגה L,1,4015400564454,2022-09-30 00:30
7290027600007,001,001,0,true,18.9,יחידה,18.9,false,1.0,יחידה,0,תחבושות אולוייז,UA,פרוקטר אנד גמבל,18תחב.אולוייז לילה בטוח,1,4015400681670,2022-09-30 00:30
7290027600007,001,001,1,true,54.9,"100 מ""ל",7.32,false,750.0,מיליליטרים,1,בלו ווין מבעבע,DE,היי סישל סוהן טראבן,בלו ווין מבעבע זהב 750מל,1,4022025001905,2022-09-30 01:05
7290027600007,001,001,1,true,54.9,"100 מ""ל",7.32,false,750.0,מיליליטרים,1,בלו ווין מבעבע,DE,היי סישל סוהן טראבן,בלו ווין מבעבע כחול 750מ,1,4022025001929,2022-09-30 01:05
7290027600007,001,001,1,true,24.9,יחידה,24.9,false,1.0,יחידה,0,רצועות שעווה ויט,FR,רקיט בנקיזר,ויט 12רצועות שעווה צמחית,1,4053700292455,2022-09-30 00:30
7290027600007,001,001,1,true,17.9,"100 מ""ל",5.97,false,300.0,מיליליטרים,0,קרם לשיער פנטן,FR,פרוקטר אנד גמבל,פנטן קרם לחות מוגברת 300,1,4084500065536,2022-09-30 01:05
7290027600007,001,001,1,true,84.9,יחידה,84.9,false,1.0,יחידה,1,מברשת נטענת,DE,בראון,מברשת חשמלית נטענת-מבוגר,1,4210201262183,2022-09-30 01:05
7290027600007,001,001,1,true,57.9,"100 מ""ל",8.27,false,700.0,מיליליטרים,0,וודקה רוסקי,RU,,וודקה רוסקי,1,4603400000043,2022-09-30 00:30
7290027600007,001,001,0,true,24.9,"100 מ""ל",6.73,false,370.0,מיליליטרים,0,שמן שומשום,TW,,שמן שומשום,1,4710964104916,2022-09-30 00:30
7290027600007,001,001,0,true,12.9,100 גרם,7.59,false,170.0,גרמים,1,פילה סלמון ברוטב,LV,KARAVELLA,פילה סלמון ר.עגבניות170ג,1,4751007733229,2022-09-30 01:05
7290027600007,001,001,0,true,16.5,100 גרם,23.57,false,70.0,גרמים,1,מקלות קינמון,LK,אינטרנשיונל קומודטי אקספ,מקלות קינמון אורגני 70 ג,1,4793000637005,2022-09-30 01:05
7290027600007,001,001,1,true,19.9,100 גרם,5.85,false,340.0,גרמים,1,ממרח טבעוני,US,ארת' איילנד,ממרח טבעוני לסנדוויץ סלט,1,49568010342,2022-09-29 08:00
7290027600007,001,001,1,true,19.9,100 גרם,5.85,false,340.0,גרמים,1,ממרח טבעוני,US,ארת' איילנד,ממרח טבענ.מופחת שומן340ג,1,49568200347,2022-09-29 08:00
7290027600007,001,001,1,true,22.9,100 גרם,6.73,false,340.0,גרמים,1,ממרח טבעוני,US,ארת' איילנד,ממרח טבעוני צ'יפוטלה340ג,1,49568720340,2022-09-29 08:00
7290027600007,001,001,1,true,22.9,100 גרם,6.73,false,340.0,גרמים,1,ממרח טבעוני,US,ארת' איילנד,ממרח טבעוני פסטו 340 גרם,1,49568730349,2022-09-29 08:00
7290027600007,001,001,0,true,10.9,"100 מ""ל",4.36,false,250.0,מיליליטרים,1,ספריי ניקוי רהיט,NL,"אס.סי ג'\ונסון, אירופלנט",פלדג' אירוסול קלאסי250מל,1,5000204151053,2022-09-30 01:05
7290027600007,001,001,0,true,24.9,יחידה,24.9,false,1.0,יחידה,1,דורסל אופטימום,BE,דורסל,4דורסל אופטימוםAAA,1,5000394137516,2022-09-30 01:05
7290027600007,001,001,0,true,19.9,יחידה,19.9,false,1.0,יחידה,1,דורסל פלוס פאוור,BE,דורסל,6דורסל פלוס פאוור AA,1,5000394140820,2022-09-30 01:05
7290027600007,001,001,0,true,16.5,100 גרם,6.6,false,250.0,גרמים,1,פת פריכה,GB,גורדנס,פת פריכה קמח שיפון 250ג,1,5010265002911,2022-09-30 01:05
7290027600007,001,001,1,true,72.9,"100 מ""ל",10.41,false,700.0,מיליליטרים,0,וויסקי גרנט'ס,GB,"וויליאם גראנט ובניו בע""\","וויסקי גרנטס 700 מ""ל",1,5010327000046,2022-09-30 01:05
7290027600007,001,001,0,true,14.9,"100 מ""ל",9.93,false,150.0,מיליליטרים,1,תרחיץ פילינג לפנ,GB,---,תרחיץ פילינג לפנים פחם י,1,5012251012249,2022-09-30 01:05
7290027600007,001,001,0,true,22.9,100 גרם,8.06,false,284.0,גרמים,1,מעדן תפוח קינמון,FR,סאן דלפור - שמבור,מעדן תפוח וקינמון 284 גר,1,5014271002675,2022-09-30 00:30
7290027600007,001,001,1,true,30.9,100 גרם,5.52,false,560.0,גרמים,0,תערובת דגנים,GB,דורסט סיריאלס,תע.דגנים40% פרי ואגוז560,1,5018357006731,2022-09-30 00:30
7290027600007,001,001,1,true,13.9,"100 מ""ל",2.78,false,500.0,מיליליטרים,0,בירה מרפיס,GB,הייניקן,"בירה מרפיס סטאוט 500 מ""ל",1,5035766060253,2022-09-30 00:25
7290027600007,001,001,1,true,6.9,"100 מ""ל",1.38,false,500.0,מיליליטרים,1,בירה פילס היילס,GR,---,"בירה פילס היילס 500 מ""ל",1,5201246002215,2022-09-30 01:05
7290027600007,001,001,0,true,10.9,יחידה,10.9,false,1.0,יחידה,1,מגני תחתון לארג',GR,---,DAY EVERYמגן תח לארג30יח,1,5201263011474,2022-09-30 01:05
7290027600007,001,001,0,true,10.9,יחידה,10.9,false,1.0,יחידה,1,מגני תחתון נורמל,GR,---,DAY EVERYמגן תח.נורמל20י,1,5201263011801,2022-09-30 01:05
7290027600007,001,001,1,true,37.9,100 גרם,9.48,false,400.0,גרמים,1,מאפה פילו ממולא,GR,הלניק,מאפה פילו ממולאביונד מיט,1,5205427012499,2022-09-29 08:20
7290027600007,001,001,1,true,71.9,100 גרם,10.27,false,700.0,גרמים,1,סימילאק גולד,IE,ABBOT,סימילאק גולד שלב 3 700 ג,1,5391523057943,2022-09-30 01:05
7290027600007,001,001,1,true,18.9,100 גרם,10.5,false,180.0,גרמים,1,בונבוניירה המלט,BE,---,בונ.המלט אקסלסיום כסף180,1,5400265035932,2022-09-30 01:05
7290027600007,001,001,0,true,34.9,ליטר,17.63,false,1.98,ליטרים,0,בירה סטלה 6 יח',IL,מבשלות בירה בינלאומיות ב,בירה סטלה ארטואה 330*6מל,1,5410228144755,2022-09-30 00:30
7290027600007,001,001,1,true,12.9,"100 מ""ל",3.91,false,330.0,מיליליטרים,1,בירה קסטיל טריפל,BE,מבשלת קסטל ואן הונסברוק,"בירה קסטיל טריפל 330 מ""ל",1,5411081000677,2022-09-30 01:05
7290027600007,001,001,1,true,17.5,ליטר,17.5,false,1.0,ליטרים,0,משקה סויה וניל,BE,אלפרו C.V.A,משקה סויה בטעם וניל 1 ל,1,5411188081852,2022-09-30 00:25
7290027600007,001,001,0,true,16.8,ליטר,16.8,false,1.0,ליטרים,0,משקה שקדים אלפרו,BE,אלפרו C.V.A,משקה שקדים אלפרו 1 ליטר,1,5411188110835,2022-09-30 01:05
7290027600007,001,001,1,true,16.8,ליטר,16.8,false,1.0,ליטרים,0,משקה שיבולת שועל,BE,אלפרו C.V.A,משקה שיבולת שועל אלפרו1ל,1,5411188115366,2022-09-30 00:30
7290027600007,001,001,1,true,17.9,100 גרם,9.94,false,180.0,גרמים,1,שוקולד מריר,BE,KIMS,שוקולד מריר 70% 180 גרם,1,5412956221173,2022-09-30 01:05
7290027600007,001,001,1,true,10.9,100 גרם,9.08,false,120.0,גרמים,1,נתחי טונה בהירה,PT,קופיסה אס.איי,נתחי טונה בהיר שמ.זית120,1,5600395034076,2022-09-30 00:30
7290027600007,001,001,1,true,34.9,יחידה,34.9,false,1.0,יחידה,0,צבע לשיער אקסלנס,BE,לוריאל ישראל קוסמטיקס בע,צבע לשיער 5.3 חום זהוב,1,5601036205596,2022-09-30 00:30
7290027600007,001,001,1,true,29.3,100 גרם,7.33,false,400.0,גרמים,0,דייסת מייפל ואגו,US,נייטשר פאת'\,דייסת מייפל אגוזי לוז400,1,58449450030,2022-09-30 00:30
7290027600007,001,001,0,true,19.9,100 גרם,11.71,false,170.0,גרמים,1,פצפוני אורז ללתס,US,נייטשר פאת',פצפוני אורז אורגני 170 ג,1,58449620013,2022-09-30 00:35
7290027600007,001,001,1,true,17.9,100 גרם,11.94,false,150.0,גרמים,1,סוכריות טופי,PL,---,סוכ.טופי קוקוס ט.טופי150,1,5907713370329,2022-09-30 00:25
7290027600007,001,001,0,true,23.9,100 גרם,5.26,false,454.0,גרמים,0,פסטה אורז פוסילי,CA,,פסטה אורז פוסילי,1,621683920654,2022-09-30 01:05
7290027600007,001,001,1,true,7.9,100 גרם,3.95,false,200.0,גרמים,1,אטריות טריות,CN,g 200 noodles Fresh Udon,אטריות טריות עבות 200 גר,1,6934731210138,2022-09-30 01:05
7290027600007,001,001,0,true,119.0,"100 מ""ל",113.33,false,105.0,מיליליטרים,0,קלאב דה נואי גבר,FR,כללי,"קלאב דה נואי גבר 105 מ""ל",1,724049694906,2022-09-30 01:05
7290027600007,001,001,0,true,219.0,"100 מ""ל",219.0,false,100.0,מיליליטרים,0,ואן מיליון גבר,FR,כללי,ואן מיליון אדט לגב100 מל,1,724049695118,2022-09-30 01:05
7290027600007,001,001,0,true,5.9,"ק""ג",5.9,true,0.0,קילוגרמים,0,תפוא אדום ארוז,IL,קטיף.,תפוח אדמה אדום ארוז,0,7290000001692,2022-09-30 00:25
7290027600007,001,001,0,true,10.6,100 גרם,2.12,false,500.0,גרמים,0,חלה מתוקה קלועה,IL,מאפית ברמן,חלה מתוקה קלועה500ג 212,0,7290000002125,2022-09-30 00:25
7290027600007,001,001,0,true,49.9,"100 מ""ל",6.65,false,750.0,מיליליטרים,0,ברקן רזרב,IL,ברקן שיווק והפצה בעמ,"ברקן רזרב קברנה 750 מ""ל",1,7290000024202,2022-09-30 00:30
7290027600007,001,001,1,true,69.9,"100 מ""ל",9.32,false,750.0,מיליליטרים,1,אסמבלאז' איתן,IL,יקבי ברקן,"אסמבלאז' איתן 750 מ""ל",1,7290000024561,2022-09-30 01:05
7290027600007,001,001,1,true,5.43,ליטר,5.43,false,1.0,ליטרים,0,חלב 3% שקית,IL,---,חלב 3% מהדרין שקית 1 ל',1,7290000042015,2022-09-30 00:25
7290027600007,001,001,0,true,25.5,100 גרם,5.1,false,500.0,גרמים,0,גבינת כנען 5%,IL,תנובה,גב.כנען 5% 500 גרם,1,7290000047546,2022-09-30 00:30
7290027600007,001,001,1,true,30.0,100 גרם,12.0,false,250.0,גרמים,0,פטה כבשים פיראוס,IL,תנובה,פיראוס פטה כבשים 5% 250ג,1,7290000055015,2022-09-30 00:25
7290027600007,001,001,0,true,6.0,100 גרם,2.4,false,250.0,גרמים,0,משקה יוגורט,IL,תנובה בעמ,משקה יוגורט טרופי 250גרם,1,7290000055343,2022-09-30 00:25
7290027600007,001,001,0,true,32.3,"ק""ג",26.92,false,1.2,קילוגרמים,0,יופלה 8 יח במארז,IL,תנובה בעמ,יופלה 3% טעמים 150*8גרם,1,7290000056883,2022-09-30 00:30
7290027600007,001,001,1,true,11.9,"100 מ""ל",4.1,false,290.0,מיליליטרים,0,רוטב טריאקי,IL,"אסם השקעות בע""\מ","רוטב טריאקי אסם 290 מ""ל",1,7290000061108,2022-09-30 00:30
7290027600007,001,001,1,true,6.9,100 גרם,12.32,false,56.0,גרמים,0,מנה חמה פירה,IL,"אסם השקעות בע""מ",מנה חמה פירה בצל 56 גרם,1,7290000064871,2022-09-30 00:30
7290027600007,001,001,1,true,7.5,100 גרם,8.82,false,85.0,גרמים,0,ג'לי בטעם פטל,IL,"אסם השקעות בע""\מ",ג'לי בטעם פטל 85 גרם,1,7290000068237,2022-09-30 01:05
7290027600007,001,001,0,true,6.9,100 גרם,11.31,false,61.0,גרמים,0,מנה חמה פסטה,IL,"אסם השקעות בע""\מ",מ.חמה פסטה ברוטב פיצה,1,7290000073415,2022-09-30 00:30
7290027600007,001,001,1,true,8.5,יחידה,8.5,false,1.0,יחידה,0,לחם ג'בטה,IL,גידרון,לחם ג'בטה,0,7290000093031,2022-09-30 00:25
7290027600007,001,001,0,true,5.9,יחידה,5.9,false,1.0,יחידה,0,לחמניה גידרול,IL,גדרון סהרון,לחמניה גידרול כפרי,0,7290000094663,2022-09-30 00:30
7290027600007,001,001,1,true,42.0,"ק""ג",42.0,true,0.0,קילוגרמים,0,בורקיטס חלבי,IL,גידרון,בורקיטס חלבי במשקל,0,7290000099927,2022-09-30 00:25
7290027600007,001,001,0,true,16.0,100 גרם,9.41,false,170.0,גרמים,0,אבקה ללטקס,IL,יוניליוור ישראל מזון בעמ,לטקס 85*2 גרם בקופסא,1,7290000118352,2022-09-30 00:30
7290027600007,001,001,1,true,7.0,100 גרם,17.5,false,40.0,גרמים,0,קימל שלם,IL,תבליני טעם וריח,קימל שלם 40 גרם,1,7290000134680,2022-09-30 00:30
7290027600007,001,001,0,true,11.9,100 גרם,11.9,false,100.0,גרמים,0,כמון טחון,IL,תבליני טעם וריח,כמון טחון 100 גרם,1,7290000134833,2022-09-30 00:30
7290027600007,001,001,0,true,8.5,ליטר,5.67,false,1.5,ליטרים,0,ג'אמפ אפרסק,IL,"טמפו משקאות בע""\מ",ג'אמפ צלול אפרסק 1.5 ל,1,7290000136431,2022-09-30 00:30
7290027600007,001,001,1,true,40.9,ליטר,4.54,false,9.0,ליטרים,0,סבן אפ 1.5*6ל,IL,טמפו,סבן אפ 1.5*6 ליטר,1,7290000136691,2022-09-30 00:30
7290027600007,001,001,0,true,37.0,100 גרם,18.5,false,200.0,גרמים,0,קפה נמס האג,VN,עלית,האג נטול קופאין 200 גרם,1,7290000176475,2022-09-30 00:30
7290027600007,001,001,1,true,31.9,יחידה,31.9,false,1.0,יחידה,0,מגבונים עם תחליב,IL,האגיס-מגבונים,מגבונ.לחים עם תחליב56*4י,1,7290000186030,2022-09-30 01:05
7290027600007,001,001,0,true,18.9,יחידה,18.9,false,1.0,יחידה,0,קוטקס תחבושות,CZ,חוגלה קימברלי,תחבושות קוטקס יאנג 30 יח,1,7290000199313,2022-09-30 01:05
7290027600007,001,001,1,true,17.9,ליטר,17.9,false,1.0,ליטרים,0,סירופ דיאט לימון,IL,"זנלכל בע""\מ",סירופ דיאט לימון 1 ליטר,1,7290000209517,2022-09-30 00:30
7290027600007,001,001,0,true,16.0,100 גרם,16.0,false,100.0,גרמים,0,תה ארל גריי עלים,IL,תה ויסוצקי,ארל גריי תה עלים 100 גרם,1,7290000345055,2022-09-30 00:30
7290027600007,001,001,1,true,36.9,100 גרם,49.2,false,75.0,גרמים,0,חליטת קמומיל,IL,בית ויסוצקי,חליטת קמומיל 50 שק* 1.5ג,1,7290000346021,2022-09-30 00:30
7290027600007,001,001,1,true,17.9,100 גרם,31.4,false,57.0,גרמים,0,סוכרזית טבליות,IL,"ביסקול בע""מ",סוכרזית פטנט 700 טבליות,1,7290000504278,2022-09-30 00:30
7290027600007,001,001,1,true,62.0,"ק""ג",62.0,true,0.0,גרמים,0,סלמי פפרוני,IL,זוגלובק,סלמי פפרוני במשקל,1,7290000530048,2022-09-30 00:30
7290027600007,001,001,1,true,39.0,100 גרם,6.5,false,600.0,גרמים,0,נקניק מעושן,IL,זוגלובק,נקניק מעושן7000- 600 גרם,1,7290000530086,2022-09-30 00:30
7290027600007,001,001,0,true,122.0,"ק""ג",122.0,true,0.0,קילוגרמים,0,כתף בקר מעושן,IL,זוגלובק,כתף בקר מעושן אורלנדו,1,7290000530444,2022-09-30 00:30
7290027600007,001,001,0,true,16.9,100 גרם,8.54,false,198.0,גרמים,0,אדג' ג'ל לגילוח,US,אנרג'ייזר,ג'ל גילוח אדג' לעור רגיל,1,7290000560533,2022-09-30 00:25
7290027600007,001,001,0,true,34.9,"ק""ג",34.9,true,0.0,קילוגרמים,0,שוקיים ע.טרי,IL,עוף עוז,שוקיים עוף טרי תפ,1,7290000611471,2022-09-30 01:05
7290027600007,001,001,1,true,11.9,"ק""ג",11.9,true,0.0,קילוגרמים,0,כרוב לבן אורגני,IL,,כרוב לבן אורגני,0,7290000916248,2022-09-30 00:25
7290027600007,001,001,0,true,19.9,"ק""ג",19.9,true,0.0,קילוגרמים,0,עוף שלם טרי,IL,שונות,עוף שלם טרי תפזורת עצמי,0,7290000922591,2022-09-30 01:05
7290027600007,001,001,1,true,79.9,"ק""ג",79.9,true,0.0,קילוגרמים,0,רבע כבש טרי,IL,שונות,רבע כבש טרי )עצמי(. מחיר,0,7290000928371,2022-09-29 11:20
7290027600007,001,001,0,true,29.6,"ק""ג",29.6,true,0.0,קילוגרמים,0,כנף עוףגריל קג,IL,שונות,כנף עוף גריל)עצמי( קג,0,7290000929996,2022-09-30 01:05
7290027600007,001,001,0,true,11.9,"ק""ג",11.9,true,0.0,קילוגרמים,0,"ת""ע מוזהב",XX,קטיף.,תפוח עץ מוזהב 70,0,7290000963082,2022-09-30 00:30
7290027600007,001,001,0,true,15.9,"ק""ג",15.9,true,0.0,קילוגרמים,0,מנגו אורגני,IL,כללי,מנגו אורגני במשקל,0,7290000963334,2022-09-30 00:30
7290027600007,001,001,1,true,20.9,יחידה,20.9,false,1.0,יחידה,0,קיווי סנגולד,IL,כללי,קיווי סנגולד ארוז,0,7290000964652,2022-09-30 00:25
7290027600007,001,001,0,true,9.9,"ק""ג",9.9,true,0.0,קילוגרמים,0,בננה,IL,קטיף.,בננה,0,7290000964775,2022-09-30 00:25
7290027600007,001,001,1,true,16.9,"ק""ג",16.9,true,0.0,קילוגרמים,0,קישוא בהיר אורגנ,IL,,קישוא בהיר אורגנ,0,7290000986678,2022-09-30 00:30
7290027600007,001,001,1,true,14.9,"ק""ג",14.9,true,0.0,קילוגרמים,0,קולורבי אורגני,IL,כללי,קולורבי אורגני במשקל,0,7290000994215,2022-09-30 00:25
7290027600007,001,001,1,true,12.9,"ק""ג",12.9,true,0.0,קילוגרמים,0,כנפיים עוף טרי,IL,שונות,כנפי עוף טרי תפזורת עצמי,1,7290001158500,2022-09-30 00:25
7290027600007,001,001,1,true,105.0,"ק""ג",105.0,true,0.0,קילוגרמים,0,קממברט יעקבס,IL,גבינות משק יעקבס,קממברט בקר 25% במשקל,1,7290001258118,2022-09-30 00:25
7290027600007,001,001,1,true,69.0,"ק""ג",69.0,true,0.0,קילוגרמים,0,לאבנה עיזים 5%,IL,גבינות משק יעקבס,לאבנה עיזים 5% משקל,1,7290001258217,2022-09-30 00:25
7290027600007,001,001,1,true,25.0,100 גרם,12.5,false,200.0,גרמים,0,מוצרלה מגורדת,IL,משק יעקבס,מוצרלה מגורדת 200 גרם,1,7290001258958,2022-09-30 00:30
7290027600007,001,001,0,true,48.5,100 גרם,64.67,false,75.0,גרמים,0,תה ירוק לימונית,IL,ויסוצקי,תה ירוק לימונ+לואיזה50שק,1,7290001491096,2022-09-30 00:30
7290027600007,001,001,0,true,7.5,100 גרם,12.5,false,60.0,גרמים,1,צ'יפס אורז מלא,BG,נוהלס ג'\י אס סי.,צ'יפס אורז חום מלח ים60ג,1,7290002043218,2022-09-30 01:05
7290027600007,001,001,0,true,9.9,100 גרם,1.83,false,540.0,גרמים,0,זיתים מבוקע פיקנ,IL,קבוצת יבנה,זיתים מבוקעים פיקנטי540ג,1,7290002057031,2022-09-30 01:05
7290027600007,001,001,1,true,10.9,100 גרם,1.95,false,560.0,גרמים,1,זיתים ירוקים,IL,שימורי מוטולה בעמ,זיתים ירוק מנזנילו 560ג,1,7290002317661,2022-09-30 00:30
7290027600007,001,001,1,true,28.9,100 גרם,11.56,false,250.0,גרמים,1,אנטריקוט דק דק,IL,"טיבון ויל אחזקות בע""\מ",אנטריקוט דק דק אל גאוצו,1,7290002345022,2022-09-30 01:05
7290027600007,001,001,1,true,141.0,"ק""ג",141.0,true,0.0,קילוגרמים,1,מנצ'גו משולש,IL,מחלבות גד,מנצ'גו משולש במשקל,1,7290002385639,2022-09-30 01:05
7290027600007,001,001,1,true,10.9,100 גרם,13.63,false,80.0,גרמים,0,תיבול לדג,IL,תבליני טעם וריח,תערובת תיבול לדג 80 גרם,1,7290002517566,2022-09-30 00:30
7290027600007,001,001,0,true,7.0,100 גרם,17.5,false,40.0,גרמים,0,קצח,IL,תבליני טעם וריח,קצח 40 גרם,1,7290002517733,2022-09-30 00:30
7290027600007,001,001,0,true,11.9,100 גרם,29.75,false,40.0,גרמים,0,ציפורן טחון,IL,תבליני טעם וריח,ציפורן טחון 40 גרם,1,7290002517863,2022-09-30 00:30
7290027600007,001,001,1,true,11.9,"100 מ""ל",3.61,false,330.0,מיליליטרים,1,בירה לף בלונד,BE,"אינבב, ברוורייפליין","בירה לף בלונד 330 מ""ל",1,7290002542797,2022-09-30 00:25
7290027600007,001,001,1,true,79.9,"ק""ג",79.9,true,0.0,קילוגרמים,1,רבע טלה טרי חלק,ES,נטו,רבע טלה טרי חלק ספרד קג,1,7290002612810,2022-09-29 11:20
7290027600007,001,001,0,true,19.9,"ק""ג",19.9,true,0.0,קילוגרמים,1,כנפיים הודו טרי,IL,יסכה,כנפיים הודו טרי ארוז נקב,1,7290002649199,2022-09-30 01:05
7290027600007,001,001,1,true,34.9,"ק""ג",34.9,true,0.0,קילוגרמים,1,פילה עוף טרי,IL,קורניש,פילה עוף טרי שופרסל,1,7290002685067,2022-09-30 01:05
7290027600007,001,001,0,true,16.9,"100 מ""ל",9.39,false,180.0,מיליליטרים,0,דאודורנט טיטניום,IL,אמיליה קוסמטיקס בעמ,דאו.טיטניום תרסיס 180 מל,1,7290002904694,2022-09-30 00:30
7290027600007,001,001,1,true,23.8,100 גרם,6.8,false,350.0,גרמים,0,טחינה שומשום מלא,,,טחינה שומשום מלא,1,7290003070084,2022-09-30 01:05
7290027600007,001,001,1,true,23.9,100 גרם,19.92,false,120.0,גרמים,1,רוסטביף 120 גרם,IL,טיב טירת צבי 2000,רוסטביף 120 גרם,1,7290003072859,2022-09-30 01:05
7290027600007,001,001,1,true,12.9,100 גרם,10.75,false,120.0,גרמים,1,קבנוס חריף מעושן,IL,טיב טירת צבי 2000,קבנוס חריף מעושן 120 גרם,1,7290003072965,2022-09-30 01:05
7290027600007,001,001,1,true,21.9,100 גרם,2.74,false,800.0,גרמים,1,"כיסונים תפו""א ופ",IL,"מאמא מרי בע""\מ","כיסונים תפו""א ופטריות",1,7290003224845,2022-09-30 01:05
7290027600007,001,001,1,true,8.9,יחידה,8.9,false,1.0,יחידה,0,מפה רב פעמית 0,IL,כללי,מפת אירועים רב פעמית 120,1,7290003411313,2022-09-30 00:30
7290027600007,001,001,1,true,26.9,"100 מ""ל",8.28,false,325.0,מיליליטרים,0,סרקל קרם רוזמרין,IL,פישר מעבדות פרמצבטיות בע,קרם רוזמרין לילדים סרקל,1,7290003521166,2022-09-30 00:30
7290027600007,001,001,0,true,29.9,100 גרם,9.97,false,300.0,גרמים,1,מינוט פרגית,IL,בלדי,מינוט שווארמה פרגית 300,1,7290003570164,2022-09-30 00:30
7290027600007,001,001,0,true,10.4,100 גרם,14.44,false,72.0,גרמים,0,תיבוליות פטריות,IL,יוניליוור ישראל מזון בע\,תיבולית קנור פיטריות72גר,1,7290003804382,2022-09-30 00:30
7290027600007,001,001,0,true,17.9,100 גרם,6.3,false,284.0,גרמים,1,מעדן פירות יער,IL,בית יצחק,"מע.פירות יער100%ללת""ס284",1,7290004067656,2022-09-30 01:05
7290027600007,001,001,0,true,5.2,100 גרם,3.47,false,150.0,גרמים,0,יופלה אננס 3%,IL,תנובה בעמ,יופלה אננס 3% 150 גרם,1,7290004119225,2022-09-30 00:30
7290027600007,001,001,0,true,3.0,100 גרם,2.4,false,125.0,גרמים,0,מעדן קרלו וניל3%,IL,מחלבת אלון תבור,מעדן קרלו וניל 3% 125 גר,1,7290004119928,2022-09-30 00:30
7290027600007,001,001,0,true,14.9,100 גרם,7.45,false,200.0,גרמים,0,גבינה גוש חלב,IL,תנובה,גוש חלב פרוס28% 200מהדרי,1,7290004122195,2022-09-30 00:30
7290027600007,001,001,1,true,60.0,"ק""ג",60.0,true,0.0,קילוגרמים,0,גבינה צפתית 5%,IL,תנובה,גבינה צפתית 5% משקל,1,7290004126650,2022-09-30 00:30
7290027600007,001,001,1,true,5.2,100 גרם,3.47,false,150.0,גרמים,0,יופלה דיאט,IL,תנובה בעמ,יופלה פירות יער0% 150 גר,1,7290004126759,2022-09-30 00:25
7290027600007,001,001,0,true,15.9,100 גרם,5.3,false,300.0,גרמים,1,חומוס עם  גזר,IL,"סלטי שמיר 2006 בע""\מ",חומוס עם גזר 300 גרם,1,7290004150273,2022-09-30 01:05
7290027600007,001,001,1,true,79.9,"ק""ג",79.9,true,0.0,קילוגרמים,1,רבע טלה טרי ספרד,IL,נטו,רבע טלה טרי ספרד שופרסל,1,7290004193010,2022-09-29 11:20
7290027600007,001,001,1,true,79.9,"ק""ג",79.9,true,0.0,קילוגרמים,1,רבע טלה טרי מחול,FR,נטו,רבע טלה טרי מחולק צרפת ק,1,7290004227968,2022-09-29 11:20
7290027600007,001,001,0,true,39.6,"ק""ג",39.6,true,0.0,קילוגרמים,0,עוף שלם קפוא,,,עוף שלם קפוא,1,7290004232825,2022-09-30 00:30
7290027600007,001,001,1,true,79.9,"ק""ג",79.9,true,0.0,קילוגרמים,1,רבע טלה טרי,IL,הקבוצה הירושלמית לייצור,רבע טלה כשר טרי קג,1,7290004281304,2022-09-29 11:20
7290027600007,001,001,0,true,25.9,100 גרם,6.48,false,400.0,גרמים,0,המבורגר קינואה,IL,,המבורגר קינואה,1,7290004339173,2022-09-30 00:25
7290027600007,001,001,1,true,25.9,100 גרם,7.4,false,350.0,גרמים,0,שווארמה מן הצומח,IL,,שווארמה מן הצומח,1,7290004339425,2022-09-30 01:05
7290027600007,001,001,0,true,42.0,"ק""ג",42.0,true,0.0,קילוגרמים,1,מאפה פרימיום,IL,גידרון,מוצרי מאפה פרימיום לקג,1,7290004504229,2022-09-30 01:05
7290027600007,001,001,1,true,61.0,"ק""ג",61.0,true,0.0,קילוגרמים,1,גבינת אמנטל,IL,טרה,גבינה אמנטל נעם 30% משקל,1,7290005079412,2022-09-30 00:30
7290027600007,001,001,0,true,19.9,100 גרם,7.37,false,270.0,גרמים,0,עגבניות מיובשות,IL,אוליביה,עגבניות מיובש+שמן זית270,1,7290005326387,2022-09-30 00:30
7290027600007,001,001,0,true,89.9,"ק""ג",89.9,true,0.0,קילוגרמים,1,בשר ראש קפוא,IL,נטו,בשר ראש חלק קפוא קג,1,7290005358739,2022-09-30 01:05
7290027600007,001,001,0,true,21.9,"ק""ג",21.9,true,0.0,קילוגרמים,1,כבד עוף טרי,IL,עוף הגליל,כבד עוף טרי ארוז שלי קג,1,7290005590306,2022-09-30 00:30
7290027600007,001,001,0,true,14.9,"100 מ""ל",2.98,false,500.0,מיליליטרים,1,יוגורט עיזים תות,IL,מחלבת גלילי,יוגורט עיזים תות ביו500מ,1,7290005697531,2022-09-30 01:05
7290027600007,001,001,1,true,24.9,100 גרם,8.3,false,300.0,גרמים,1,סלמי פפרוני 300,IL,מעדני יחיעםn\,סלמי פפרוני 300 גרם,1,7290005996740,2022-09-30 01:05
7290027600007,001,001,1,true,19.9,100 גרם,26.53,false,75.0,גרמים,0,חליטת חמוציות,IL,ויסוצקי,חליטת קרנברי ג.קסום25ש3*,1,7290006251282,2022-09-30 01:05
7290027600007,001,001,0,true,44.9,"100 מ""ל",5.99,false,750.0,מיליליטרים,0,גאטו נגרו קברנה,AR,פינקה לה סליה,גאטו נגרו קברנה סובינ750,1,7290006256089,2022-09-30 01:05
7290027600007,001,001,1,true,42.0,"ק""ג",42.0,true,0.0,קילוגרמים,1,מיני סמבוסק פיצה,IL,גידרון,מיני סמבוסק פיצה משקל,1,7290006451224,2022-09-30 01:05
7290027600007,001,001,0,true,20.9,ליטר,20.9,false,1.0,ליטרים,1,מי קוקוס אורגני,VN,גרין קוקו,מי קוקוס אורגני 1 ליטר,1,7290006660602,2022-09-30 01:05
7290027600007,001,001,1,true,29.9,"ק""ג",29.9,true,0.0,קילוגרמים,0,כרעי עוף טרי,IL,עוף טוב,כרעי עוף טרי ארוז,1,7290006707369,2022-09-30 00:30
7290027600007,001,001,1,true,19.9,"ק""ג",19.9,true,0.0,קילוגרמים,0,עוף שלם טרי ארוז,IL,עוף טוב,עוף שלם טרי ארוז,1,7290006707420,2022-09-30 00:25
7290027600007,001,001,0,true,29.9,"ק""ג",29.9,true,0.0,קילוגרמים,0,גרון הודו טרי,IL,עוף טוב,גרון הודו נ.טרי ארוז,1,7290006708069,2022-09-30 00:30
7290027600007,001,001,1,true,34.9,"ק""ג",34.9,true,0.0,קילוגרמים,1,חזה עוף טרי,IL,עוף טוב,חזה עוף טרי חצוי ארוז קג,1,7290006708847,2022-09-30 00:35
7290027600007,001,001,0,true,30.9,100 גרם,4.9,false,630.0,גרמים,0,שניצל תירס,IL,זוגלובק,שניצל תירס 630 גרם,1,7290006739407,2022-09-30 00:30
7290027600007,001,001,1,true,32.9,100 גרם,10.97,false,300.0,גרמים,0,כתף בקר,IL,זוגלובק,כתף בקר 300 גרם,1,7290006739544,2022-09-30 00:30
7290027600007,001,001,1,true,139.9,"100 מ""ל",18.66,false,750.0,מיליליטרים,1,מוני שמשון,IL,יקב מוני,"מוני שמשון 750 מ""ל",1,7290006744487,2022-09-30 01:05
7290027600007,001,001,0,true,19.1,"100 מ""ל",3.82,false,500.0,מיליליטרים,0,ג'ל לעיצוב שיער,IL,מיוצר עי : אמיליה קוסמטי,ג'ל שיער לעיצוב חזק500מל,1,7290006791870,2022-09-30 00:30
7290027600007,001,001,0,true,22.0,100 גרם,5.5,false,400.0,גרמים,0,צהובה טובה 5%,IL,צי תעשיות מזון יבנה,צהובה טובה 5% קלאסי400גר,1,7290006920553,2022-09-30 01:05
7290027600007,001,001,1,true,19.9,100 גרם,3.32,false,600.0,גרמים,0,מיני קוקיס,IL,כרמית,מיני קוקיס שוק.צ'יפס600ג,1,7290008190909,2022-09-30 00:30
7290027600007,001,001,0,true,17.9,100 גרם,4.48,false,400.0,גרמים,0,טחינה אורגנית,IL,אחדות,טחינה אורגנית 400 גרם,1,7290008263719,2022-09-30 00:30
7290027600007,001,001,0,true,23.9,"ק""ג",23.9,false,1.0,קילוגרמים,0,סיגרים פיקנטי,IL,"שלושת האופים בע""\מ",סיגרים בשר 1 ק'ג שלושת,1,7290008343558,2022-09-30 00:25
7290027600007,001,001,0,true,23.9,"ק""ג",23.9,false,1.0,קילוגרמים,0,"סיגרים תפו""א",IL,"שלושת האופים בע""\מ",סיגרים תפו'א 1 ק'ג שלוש,1,7290008343565,2022-09-30 00:25
7290027600007,001,001,1,true,22.9,100 גרם,5.73,false,400.0,גרמים,0,זיתים אורגניים,IL,,זיתים אורגניים,1,7290008425186,2022-09-30 01:05
7290027600007,001,001,1,true,24.2,ליטר,24.2,false,1.0,ליטרים,0,נקטר אפרסק 1 ליט,IL,,נקטר אפרסק 1 ליט,1,7290008425483,2022-09-30 00:25
7290027600007,001,001,1,true,24.2,ליטר,24.2,false,1.0,ליטרים,0,נקטר משמש,IL,,נקטר משמש,1,7290008425490,2022-09-30 00:30
7290027600007,001,001,0,true,10.9,"100 מ""ל",2.18,false,500.0,מיליליטרים,0,גולדסטאר בפחית,IL,,גולדסטאר בפחית,1,7290008464024,2022-09-30 00:30
7290027600007,001,001,0,true,27.9,ליטר,14.09,false,1.98,ליטרים,0,בירה מכבי 6 בקב.,IL,טמפו,"בירה מכבי 6 בק330* מ""ל",1,7290008464703,2022-09-30 00:30
7290027600007,001,001,1,true,54.9,"100 מ""ל",7.32,false,750.0,מיליליטרים,0,קברנה סוביניון,IL,,קברנה סוביניון,1,7290008670012,2022-09-30 00:25
7290027600007,001,001,1,true,54.9,"100 מ""ל",7.32,false,750.0,מיליליטרים,0,יין מרלו,IL,אגודת הכורמים הקואופרטיב,"מרלו סדרה אזורית 750 מ""ל",1,7290008803090,2022-09-30 00:25
7290027600007,001,001,0,true,13.5,100 גרם,7.5,false,180.0,גרמים,1,ממרח עגבניות,IL,"אוליביה גרומה בע""מ",ממרח עגבניות מיובשות180ג,1,7290008849661,2022-09-30 00:30
7290027600007,001,001,1,true,13.5,100 גרם,7.3,false,185.0,גרמים,1,אריסה פיקנטית,IL,"אוליביה גרומה בע""מ",אריסה פיקנטית 185 גרם,1,7290008849845,2022-09-30 00:30
7290027600007,001,001,1,true,49.9,"ק""ג",49.9,true,0.0,קילוגרמים,1,פילה טבעוף טרי,IL,טבעוף,פילה טבעוף טרי ארוז קג,0,7290009091298,2022-09-30 01:05
7290027600007,001,001,1,true,15.9,"ק""ג",15.9,true,0.0,קילוגרמים,1,עגבניית מגי,IL,כללי,עגבניית מגי אורגני ארוז,0,7290009137026,2022-09-30 01:05
7290027600007,001,001,1,true,89.9,"ק""ג",89.9,true,0.0,קילוגרמים,0,צלי כתף טרי,XX,כללי,צלי כתף טרי מוכשר יבוא ק,0,7290009392722,2022-09-30 00:30
7290027600007,001,001,1,true,89.9,"ק""ג",89.9,true,0.0,קילוגרמים,0,צלי כתף טרי,XX,כללי,צלי כתף טרי חלק יבוא קג,0,7290009392876,2022-09-30 00:30
7290027600007,001,001,0,true,2.4,100 גרם,2.4,false,100.0,גרמים,0,פיתה אסלית,IL,מאפ גדרון,פיתה אסלית אפוי קפוא,0,7290009398830,2022-09-30 01:05
7290027600007,001,001,0,true,21.9,"ק""ג",21.9,true,0.0,קילוגרמים,1,כבד עוף טרי,IL,.,כבד עוף טרי ארוז  עצמי,0,7290009806595,2022-09-30 00:30
7290027600007,001,001,1,true,79.0,"ק""ג",79.0,true,0.0,קילוגרמים,1,כדור  מוצרלה,IL,גבינות משק יעקבס,כדור מוצרלה שופרסל במשקל,0,7290009957426,2022-09-30 01:05
7290027600007,001,001,0,true,34.9,100 גרם,8.73,false,400.0,גרמים,0,קרם דבש פרחי הדר,IL,,קרם דבש פרחי הדר,1,7290010032709,2022-09-30 00:25
7290027600007,001,001,0,true,15.9,100 גרם,6.36,false,250.0,גרמים,0,פלפל צ'ומה,IL,נטו,פלפל צ'ומה ביטון 250 גרם,1,7290010154265,2022-09-30 00:30
7290027600007,001,001,0,true,12.9,100 גרם,3.23,false,400.0,גרמים,1,ממרח טחינה,IL,אחדות,"ממרח טחינה שוק.ללת""ס400ג",1,7290010328819,2022-09-30 00:30
7290027600007,001,001,0,true,8.9,100 גרם,4.45,false,200.0,גרמים,0,פנקו פרוי לחם,CN,,פנקו פרוי לחם,1,7290010513727,2022-09-30 01:05
7290027600007,001,001,0,true,10.9,100 גרם,36.33,false,30.0,גרמים,1,אבקה להכנת קפה,IL,אשבל,אבקה להכנת קפה 30 גרם,1,7290010561711,2022-09-30 01:05
7290027600007,001,001,1,true,16.4,"100 מ""ל",10.93,false,150.0,מיליליטרים,0,קרם ידיים,IL,פישר מעבדות פרמצבטיות בע,ק.ידיים אפקטיב קר יבש150,1,7290010748860,2022-09-30 00:25
7290027600007,001,001,0,true,32.6,"100 מ""ל",13.04,false,250.0,מיליליטרים,1,שמן בוטנים,IL,"ג.מ טעם הארץ בע""\ם","שמן בוטנים 250 מ""ל",1,7290010970575,2022-09-30 00:30
7290027600007,001,001,1,true,44.9,ליטר,34.02,false,1.32,ליטרים,0,בירה פאולנר 4 יח,DE,מבשלת פאולנר,"בירה פאולנר 4 * 330 מ""ל",1,7290011132552,2022-09-30 00:30
7290027600007,001,001,0,true,27.9,ליטר,14.09,false,1.98,ליטרים,0,מכבי שנדי 6 יח,IL,"טמפו משקאות בע""מ","מכבי שנדי אפרסק 330*6מ""ל",1,7290011133375,2022-09-30 00:30
7290027600007,001,001,1,true,21.5,"100 מ""ל",4.3,false,500.0,מיליליטרים,1,תרכיז תפוחים,IL,---,"תרכיז תפוחים סחוט 500מ""ל",1,7290011154035,2022-09-30 01:05
7290027600007,001,001,0,true,13.9,100 גרם,11.03,false,126.0,גרמים,0,"חט.חלבה ללת""ס",IL,"רושדי תעשיות מזון בע""\מ","חטיפי חלבה וניל ללת""ס126",1,7290011378233,2022-09-30 00:30
7290027600007,001,001,0,true,11.0,100 גרם,3.67,false,300.0,גרמים,0,נבט חיטה,IL,,נבט חיטה,1,7290011426040,2022-09-30 00:30
7290027600007,001,001,1,true,7.0,100 גרם,4.67,false,150.0,גרמים,0,סובין חיטה,IL,,סובין חיטה,1,7290011426248,2022-09-30 00:25
7290027600007,001,001,0,true,13.2,100 גרם,2.64,false,500.0,גרמים,0,פישתן אורגני,AR,,פישתן אורגני,1,7290011473808,2022-09-30 00:30
7290027600007,001,001,1,true,15.9,100 גרם,3.18,false,500.0,גרמים,0,קמח עדשים,TR,,קמח עדשים,1,7290011474362,2022-09-30 00:30
7290027600007,001,001,1,true,34.9,100 גרם,7.76,false,450.0,גרמים,1,שייק איט סגול,IL,בלדי,שייק איט סגול,1,7290011530747,2022-09-30 01:05
7290027600007,001,001,0,true,17.9,100 גרם,3.98,false,450.0,גרמים,1,תערובת לעוגה,IL,אשבל מזון פונקציונלי בע\,כרגיל תע.לעוגה וניל450גר,1,7290011570781,2022-09-30 00:30
7290027600007,001,001,1,true,11.9,100 גרם,2.2,false,540.0,גרמים,0,טורטיות,TR,,טורטיות,1,7290011615260,2022-09-30 00:30
7290027600007,001,001,0,true,14.9,100 גרם,29.8,false,50.0,גרמים,0,בייבי ביס,CN,want-want,בייבי ביס בטעם טבעי 50 ג,1,7290011618025,2022-09-30 00:25
7290027600007,001,001,1,true,16.9,100 גרם,8.45,false,200.0,גרמים,0,בייגלה אורגני,IL,,בייגלה אורגני,1,7290011830236,2022-09-30 00:30
7290027600007,001,001,1,true,16.9,100 גרם,6.76,false,250.0,גרמים,0,אטריות מאורז מלא,CN,השדה מוצרים אורגניים,אטריות מאורז מלא 250 גר,1,7290011830267,2022-09-30 00:25
7290027600007,001,001,1,true,15.1,100 גרם,3.78,false,400.0,גרמים,0,פינגווינים אורגנ,IT,,פינגווינים אורגנ,1,7290011830601,2022-09-30 00:30
7290027600007,001,001,0,true,34.9,100 גרם,5.82,false,600.0,גרמים,0,קציצות עוף ובקר,IL,מאמא עוף,קציצות עוף ובקר 600גרם,1,7290011876388,2022-09-30 00:30
7290027600007,001,001,1,true,28.7,יחידה,28.7,false,1.0,יחידה,0,סוכרלוז,CN,"קיפל טבליות וממתיקים בע""",סוכרלוז 150 טבליות כשלפ,1,7290012193125,2022-09-30 00:30
7290027600007,001,001,1,true,11.9,100 גרם,1.7,false,700.0,גרמים,1,עגבניות מרוסקות,IT,כללי,עגבניות מרוסקות 700 גרם,1,7290012208614,2022-09-30 01:05
7290027600007,001,001,1,true,29.9,100 גרם,1.99,false,1500.0,גרמים,0,נקניקיות ג'מבו,IL,זוגלובק,"נקניקיות ג'מבו 1.5 ק""ג",1,7290012226991,2022-09-30 00:30
7290027600007,001,001,0,true,13.9,100 גרם,6.47,false,215.0,גרמים,1,מיקס זיתים,IL,קבוצת יבנה,מיקס זיתים המסיק 215 גרם,1,7290012313417,2022-09-30 01:05
7290027600007,001,001,0,true,26.9,"100 מ""ל",3.85,false,700.0,מיליליטרים,0,קרם גוף,IL,פישר מעבדות פרמצבטיות בע,ק.גוף אפקטיב קר שיבול700,1,7290012367700,2022-09-30 00:30
7290027600007,001,001,1,true,94.9,"100 מ""ל",12.65,false,750.0,מיליליטרים,1,רוסו לוריא,IL,חדד את סיידא,"רוסו לוריא 750 מ""ל",1,7290012798214,2022-09-30 00:25
7290027600007,001,001,1,true,18.9,"100 מ""ל",2.52,false,750.0,מיליליטרים,0,מקסימה פרפיום,IL,סנו מפעלי ברונוס בעמ,מ.מקסימה פרפיום קריסט750,1,7290012823947,2022-09-30 00:25
7290027600007,001,001,1,true,61.9,100 גרם,8.84,false,700.0,גרמים,0,מטרנה אקסטרה קר,IL,מטרנה תעשיות ש.מ,מטרנה אקסטרה קר שלב1 700,1,7290013083661,2022-09-30 01:05
7290027600007,001,001,0,true,61.9,100 גרם,8.84,false,700.0,גרמים,0,מטרנה אקסטרה קר,IL,מטרנה תעשיות ש.מ,מטרנה אקסטרה קר שלב3 700,1,7290013083685,2022-09-30 01:05
7290027600007,001,001,1,true,18.9,100 גרם,4.11,false,460.0,גרמים,0,רביעיית לחמניות,IL,,רביעיית לחמניות,1,7290013121158,2022-09-30 00:25
7290027600007,001,001,0,true,18.9,100 גרם,4.11,false,460.0,גרמים,0,לחמניות נקניקיה,IL,,לחמניות נקניקיה,1,7290013121165,2022-09-30 01:05
7290027600007,001,001,0,true,4.5,100 גרם,2.25,false,200.0,גרמים,1,קורנפלור,IL,א.ל ייצור ושיווק תבלינים,קורנפלור 200 גרם,1,7290013145970,2022-09-30 01:05
7290027600007,001,001,0,true,19.7,100 גרם,5.63,false,350.0,גרמים,1,אייס קפה,IL,---,אייס קפה 350 גרם,1,7290013146724,2022-09-30 01:05
7290027600007,001,001,1,true,14.9,יחידה,14.9,false,1.0,יחידה,0,מיקס פטריות יער,IL,חוות שמפניון,פטריות יער,1,7290013215062,2022-09-30 01:05
7290027600007,001,001,1,true,12.9,יחידה,12.9,false,1.0,יחידה,1,פטריות מלך היער,IL,חוות שמפניון,פטריות מלך היער ארוז,1,7290013215093,2022-09-30 01:05
7290027600007,001,001,1,true,31.9,"100 מ""ל",4.25,false,750.0,מיליליטרים,0,סנו K333,IL,,סנו K333,1,7290013269911,2022-09-30 00:30
7290027600007,001,001,1,true,14.8,100 גרם,9.87,false,150.0,גרמים,0,שבבי בצל מטוגן,NL,טופ טייטס,שבבי בצל מטוגן 150גרם,1,7290013358523,2022-09-30 01:05
7290027600007,001,001,0,true,12.9,יחידה,12.9,false,1.0,יחידה,1,חסה גמביט יחידה,IL,כרמלים שדות חדשים,חסה גמביט קראנצית יחידה,1,7290013366665,2022-09-29 06:30
7290027600007,001,001,1,true,12.9,"100 מ""ל",3.91,false,330.0,מיליליטרים,0,בירה אלכסנדר,IL,אלכסנדר,"בירה אלכסנדר בלונד330מ""ל",1,7290013430083,2022-09-30 00:25
7290027600007,001,001,0,true,30.6,100 גרם,10.2,false,300.0,גרמים,0,חמאת קוקוס טבעית,IL,,חמאת קוקוס טבעית,1,7290013433114,2022-09-30 01:05
7290027600007,001,001,1,true,19.9,100 גרם,8.29,false,240.0,גרמים,0,עוגיות כוסמין,IL,,עוגיות כוסמין,1,7290013453068,2022-09-30 00:25
7290027600007,001,001,0,true,17.9,100 גרם,7.46,false,240.0,גרמים,0,עוגיות מרוקאיות,IL,,עוגיות מרוקאיות,1,7290013453105,2022-09-30 00:25
7290027600007,001,001,0,true,20.9,100 גרם,10.45,false,200.0,גרמים,1,מקלוני כוסמין,IL,"דני וגלית בע""מ",מקלוני כוסמין וקצח 200 ג,1,7290013453266,2022-09-30 01:05
7290027600007,001,001,0,true,14.8,100 גרם,7.4,false,200.0,גרמים,0,חרדל דיז'ון אורג,NL,,חרדל דיז'ון אורג,1,7290013521354,2022-09-30 00:30
7290027600007,001,001,0,true,17.0,100 גרם,5.67,false,300.0,גרמים,1,סוכר קוקוס,ID,סנקי,סוכר קוקוס אורגני 300 גר,1,7290013521873,2022-09-30 01:05
7290027600007,001,001,1,true,14.9,"100 מ""ל",4.52,false,330.0,מיליליטרים,0,בירה ג'מס 8.8%,IL,ג'מס,"בירה ג'מס 8.8% 330 מ""ל",1,7290013713049,2022-09-30 00:30
7290027600007,001,001,1,true,28.9,100 גרם,8.76,false,330.0,גרמים,1,רביולי בטטה,IL,דודו איטליאן פרודקטס בע\,רביולי בטטה 330 גרם,1,7290013787408,2022-09-30 01:05
7290027600007,001,001,0,true,27.9,100 גרם,6.98,false,400.0,גרמים,0,פסטרמה שום+צ'לי,IL,טיב טירת צבי 2000,פסטרמה שום וצ'ילי 400 גר,1,7290013906205,2022-09-30 00:30
7290027600007,001,001,0,true,20.9,100 גרם,4.18,false,500.0,גרמים,1,קינואה אדומה,IL,אול אורגני,קינואה אדומה אורגנית 500,1,7290013994295,2022-09-30 00:30
7290027600007,001,001,1,true,18.9,100 גרם,3.15,false,600.0,גרמים,1,אפונה עדינה,BE,פינגווין,אפונה עדינה קפוא אורג600,1,7290013994806,2022-09-30 00:30
7290027600007,001,001,1,true,20.9,100 גרם,11.3,false,185.0,גרמים,1,ממרח עגבניות,IL,"משק דבורים לין בע""\מ",ממרח עגבניות מיובשות185ג,1,7290014001930,2022-09-30 01:05
7290027600007,001,001,0,true,19.9,100 גרם,26.53,false,75.0,גרמים,0,חליטת קמומיל,IL,ויסוצקי,חליטת קמומיל ולימונית25ש,1,7290014002197,2022-09-30 00:30
7290027600007,001,001,0,true,24.9,100 גרם,9.96,false,250.0,גרמים,0,פסטרמה של פעם,IL,יחיעם,פסטרמה של פעם 250גרם,1,7290014046016,2022-09-30 00:30
7290027600007,001,001,1,true,16.4,100 גרם,32.8,false,50.0,גרמים,1,קפסולות לנדוור,IL,---,קפסולות סופרימו10 50גרם,1,7290014066380,2022-09-30 01:05
7290027600007,001,001,1,true,11.8,100 גרם,11.8,false,100.0,גרמים,0,אבקת קרי,IL,תבליני טעם וריח,אבקת קרי 100 גרם,1,7290014217355,2022-09-30 01:05
7290027600007,001,001,0,true,11.9,100 גרם,11.9,false,100.0,גרמים,1,תערובת תבלינים,IL,תבליני טעם וריח,תערובת תיבול קייג'ון100ג,1,7290014217485,2022-09-30 00:30
7290027600007,001,001,1,true,18.9,100 גרם,9.45,false,200.0,גרמים,1,מקלוני קבנוס,IL,עוף טוב,מקלוני קבנוס 200 גרם,1,7290014749078,2022-09-30 00:30
7290027600007,001,001,1,true,16.9,יחידה,16.9,false,1.0,יחידה,1,מגבונים לחים 4יח,IL,די.פי.אל,מגבו.בייביסיטר מבושם72*4,1,7290014855434,2022-09-30 00:30
7290027600007,001,001,0,true,14.5,100 גרם,7.25,false,200.0,גרמים,1,נאצ'וס ברביקיו,DK,אוקיי סנקס,נאצ'וס ברביקיו 200 גרם,1,7290015009324,2022-09-30 01:05
7290027600007,001,001,0,true,6.5,100 גרם,5.42,false,120.0,גרמים,1,חטיפטף פרינוק,CZ,פרוטה פודיווין,חטיפטף פרינוק תפוח 120 ג,1,7290015155823,2022-09-30 01:05
7290027600007,001,001,0,true,20.9,100 גרם,5.23,false,400.0,גרמים,0,מחית קארי ירוקה,TH,,מחית קארי ירוקה,1,7290015164832,2022-09-30 00:30
7290027600007,001,001,1,true,14.9,100 גרם,7.1,false,210.0,גרמים,1,מחית שום וג'ינגר,CN,ליני קאטייאמה פודסטאפס ב,מחית שום וג'ינג'ר 210 גר,1,7290015324748,2022-09-30 01:05
7290027600007,001,001,0,true,23.9,"100 מ""ל",3.19,false,750.0,מיליליטרים,1,יין אדום חצי יבש,IL,"כרמי צבי - אחים סגל בע""\",אדום חצי יבש של סגל750מל,1,7290015350150,2022-09-30 01:05
7290027600007,001,001,1,true,24.7,100 גרם,12.35,false,200.0,גרמים,0,צהובה טבעונית,GR,,צהובה טבעונית,1,7290015599016,2022-09-30 00:30
7290027600007,001,001,1,true,30.9,100 גרם,7.73,false,400.0,גרמים,1,אמפנדה מן הצומח,IL,---,אמפנדה מן הצומח 400 גרם,1,7290015599740,2022-09-30 00:25
7290027600007,001,001,1,true,8.9,100 גרם,5.56,false,160.0,גרמים,1,ג'ינג'ר לבן כבוש,CN,ליו,ג'ינג'ר לבן כבוש 160 גרם,1,7290015603584,2022-09-30 00:30
7290027600007,001,001,1,true,25.9,100 גרם,6.48,false,400.0,גרמים,1,המבורגר+ברוקולי,IL,טבע דלי,המבורגר קלאסי+ברוקולי400,1,7290015673181,2022-09-30 00:30
7290027600007,001,001,1,true,26.9,100 גרם,6.73,false,400.0,גרמים,1,שווארמה מן הצומח,IL,---,שווארמה מן הצומח 400 גרם,1,7290015673464,2022-09-30 00:30
7290027600007,001,001,0,true,25.9,100 גרם,5.76,false,450.0,גרמים,1,לחם פשתן פרוס,IL,ביכורים,לחם פשתן פרוס 450 גרם,1,7290016245318,2022-09-30 01:05
7290027600007,001,001,0,true,16.9,100 גרם,4.83,false,350.0,גרמים,1,לחמניות המבוגר,IL,"ביכורים מזון ומאפה בע""\מ",לחמניות המבוגר כוסמין4יח,1,7290016245806,2022-09-30 01:05
7290027600007,001,001,0,true,20.9,100 גרם,20.9,false,100.0,גרמים,1,סלמון מובחר,IL,---,סלמון מובחר 100גרם,1,7290016314847,2022-09-30 00:30
7290027600007,001,001,1,true,11.9,100 גרם,2.25,false,530.0,גרמים,1,חציל קלוי על האש,GR,קבוצת יבנה,חציל קלוי על האש 530 גרם,1,7290016370959,2022-09-30 01:05
7290027600007,001,001,1,true,19.9,100 גרם,53.78,false,37.0,גרמים,1,חליטת ג'ינג'ר,IL,ויסוצקי,חליטת ג'ינג'ר ולימון 20ש,1,7290016372489,2022-09-30 00:30
7290027600007,001,001,0,true,22.3,100 גרם,12.39,false,180.0,גרמים,1,ממרח פסטו ושמן,IL,מוטי שף,ממרח פסטו ושמן כמהין180ג,1,7290016574012,2022-09-30 01:05
7290027600007,001,001,1,true,23.9,100 גרם,2.81,false,850.0,גרמים,1,יוגורט חלב עיזים,IL,לולי חוות גבעות עולם,יוגורט טבעי חלב עיזים850,1,7290016606522,2022-09-30 00:25
7290027600007,001,001,1,true,9.3,"100 מ""ל",2.33,false,400.0,מיליליטרים,1,משקה קל לימונענע,IL,---,"משקה קל לימונענע 400 מ""ל",1,7290016682052,2022-09-30 00:35
7290027600007,001,001,1,true,40.2,ליטר,13.4,false,3.0,ליטרים,1,משקה קל1*3ליטר,IL,פרי ניב,מארז מהודר משקה קל 1*3ל',1,7290016682267,2022-09-30 01:05
7290027600007,001,001,0,true,19.5,100 גרם,13.0,false,150.0,גרמים,1,מוצרלה פרוסות,IL,מחלבות גד,מוצרלה פרוסות22% 150 גרם,1,7290017065007,2022-09-30 00:30
7290027600007,001,001,0,true,4.5,100 גרם,2.25,false,200.0,גרמים,1,שעועית צ'ילי,IL,"זנלכל בע""\מ",שעועית צ'ילי יכין 200גרם,1,7290017105086,2022-09-30 01:05
7290027600007,001,001,0,true,20.9,100 גרם,5.97,false,350.0,גרמים,1,קוסקוס אפונה,IT,כללי,קוסקוס אפונה אורגני 350ג,1,7290017325835,2022-09-30 00:25
7290027600007,001,001,0,true,26.9,100 גרם,72.7,false,37.0,גרמים,1,תה ירוק+ויטמינים,IL,ויסוצקי,תה ירוק ל.ג'ינג'ר+ויטמ25,1,7290017513829,2022-09-30 01:05
7290027600007,001,001,0,true,24.9,"100 מ""ל",4.98,false,500.0,מיליליטרים,1,MB מרכך יסמין,IL,סאסא קוסמטיקס,MB מרכך לשיער יסמין500מ,1,7290017637631,2022-09-30 01:05
7290027600007,001,001,0,true,24.9,"100 מ""ל",4.98,false,500.0,מיליליטרים,1,MB שמפו לשיער,IL,סאסא קוסמטיקס,MB שמפו לגוון בלונד500מ,1,7290017637662,2022-09-30 01:05
7290027600007,001,001,0,true,24.9,"100 מ""ל",4.98,false,500.0,מיליליטרים,1,MB מרכך לשיער,IL,סאסא קוסמטיקס,MB מרכך לגוון בלונד500מ,1,7290017637679,2022-09-30 01:05
7290027600007,001,001,0,true,24.9,100 גרם,9.96,false,250.0,גרמים,1,עוגיות ריבה,IL,---,עוגיות ריבה בטעם תות250ג,1,7290017724034,2022-09-30 01:05
7290027600007,001,001,0,true,24.9,100 גרם,12.45,false,200.0,גרמים,1,עוגיות אוזניים,IL,---,"עוגיות אוזניים ללת""ס200ג",1,7290017724164,2022-09-30 01:05
7290027600007,001,001,1,true,24.9,100 גרם,12.45,false,200.0,גרמים,1,עוגיות בויוס,IL,---,עוגיות בויוס 200 גרם,1,7290017724225,2022-09-30 01:05
7290027600007,001,001,1,true,11.9,100 גרם,47.6,false,25.0,גרמים,1,ג'לי בטעם תות,IL,---,ג'לי בטעם תות שדה 25 גר,1,7290017871974,2022-09-30 01:05
7290027600007,001,001,1,true,15.9,100 גרם,7.95,false,200.0,גרמים,1,עוגיות שקדים,IL,"הגביע מוצרי וופלים בע""\מ",עוג.שקד.וקינמון ללתס200,1,7290017872193,2022-09-30 01:05
7290027600007,001,001,0,true,10.9,100 גרם,31.14,false,35.0,גרמים,1,כוכבים דגנים,IL,אשבול,כוכבים חטיף דגנים 35 גרם,1,7290017872872,2022-09-30 01:05
7290027600007,001,001,1,true,15.9,100 גרם,3.53,false,450.0,גרמים,1,לחמניות המבורגר,IL,מאפיית שלמה א. אנג'\ל בע,לחמנ.המבורגר אמריקה75*6ג,1,7290017947921,2022-09-30 01:05
7290027600007,001,001,1,true,30.9,100 גרם,8.83,false,350.0,גרמים,1,שווארמה טבעונית,IL,---,שווארמה טבעונית 350 גרם,1,7290018140390,2022-09-30 01:05
7290027600007,001,001,0,true,32.9,"100 מ""ל",4.39,false,750.0,מיליליטרים,1,יין אדום סלקטד,IL,יקבי כרמל,"יין אדום סלקטד 750 מ""ל",1,7290018294208,2022-09-30 01:05
7290027600007,001,001,0,true,14.9,100 גרם,19.87,false,75.0,גרמים,1,גינגר טחון,IN,כללי,גינגר טחון אורגני 75 גרם,1,7290018338254,2022-09-30 00:35
7290027600007,001,001,0,true,24.9,100 גרם,6.23,false,400.0,גרמים,1,חמאת בוטנים,IL,סנקי,חמאת בוטנים+שבבי בוטנ400,1,7290018371237,2022-09-30 01:05
7290027600007,001,001,0,true,24.1,100 גרם,48.2,false,50.0,גרמים,1,צ'\אי קרמל מלוח,IL,---,צ'אי קרמל מלוח 25 * 2גרם,1,7290018440254,2022-09-30 01:05
7290027600007,001,001,1,true,51.9,100 גרם,11.28,false,460.0,גרמים,1,פאי סויה,IL,---,פאי סויה טבעוני 460 גרם,1,7290018724620,2022-09-30 01:05
7290027600007,001,001,1,true,51.9,100 גרם,11.28,false,460.0,גרמים,1,פאי שווארמה,IL,---,פאי שווארמה טבעוני 460ג,1,7290018724637,2022-09-30 01:05
7290027600007,001,001,0,true,24.7,100 גרם,6.18,false,400.0,גרמים,1,קמח טף ללא גלוטן,IL,טחנת קמח טל,קמח טף ללא גלוטן 400 גרם,1,7290018757161,2022-09-30 01:05
7290027600007,001,001,0,true,20.9,100 גרם,5.23,false,400.0,גרמים,1,בורגר סלק טבעוני,IL,פרה מזון בעמ,בורגר סלק טבעוני 400 גרם,1,7290018757260,2022-09-30 01:05
7290027600007,001,001,0,true,23.9,100 גרם,4.78,false,500.0,גרמים,1,לחם קמח טף,IL,אשבל בעמ,לחם קמח טף טבעוני 500 גר,1,7290018757383,2022-09-30 01:05
7290027600007,001,001,1,true,21.9,ליטר,21.9,false,1.0,ליטרים,1,סירופ בטעם פטל,IL,"זנלכל בע""\מ",סירופ בטעם פטל 1 ליטר,1,7290018989135,2022-09-30 00:25
7290027600007,001,001,1,true,24.9,ליטר,18.44,false,1.35,ליטרים,1,נוזל רצפות,IL,סאסא טק,נוזל רצפות אוריאנטל1.35ל,1,7290019014874,2022-09-30 01:05
7290027600007,001,001,0,true,13.1,ליטר,2.18,false,6.0,ליטרים,0,סודה לימון 1.5*4,IL,"יפאורה תבורי בע""\מ",שוופס סודה לימון 1.5*4 ל,1,7290019056171,2022-09-30 01:05
7290027600007,001,001,1,true,14.9,100 גרם,11.92,false,125.0,גרמים,1,אוכמניות 125גרם,AR,EXPOFRESH,אוכמניות 125גרם,1,7290019112808,2022-09-30 01:05
7290027600007,001,001,1,true,33.9,ליטר,25.11,false,1.35,ליטרים,1,ג'ל כביסה בייבי,IL,סאסא טק,ג'ל כביסה בייבי 1.35 ל',1,7290019274063,2022-09-30 01:05
7290027600007,001,001,0,true,5.7,100 גרם,6.79,false,84.0,גרמים,0,אינסטנט פודינג,IL,"אסם השקעות בע""מ",אינסטנ.פודינג ריבת חלב84,1,7290100681015,2022-09-30 00:30
7290027600007,001,001,1,true,34.9,100 גרם,13.96,false,250.0,גרמים,1,קפה שחור אורגני,IL,אווא אופציות קפה,קפה שחור אורגני 250 גרם,1,7290100790243,2022-09-30 01:05
7290027600007,001,001,1,true,34.9,100 גרם,5.82,false,600.0,גרמים,0,גלידל פסיפלורה,IL,פלקו בעמ,גלידל ו.פסיפלורה 8יח,1,7290101110811,2022-09-30 00:25
7290027600007,001,001,1,true,22.9,100 גרם,11.45,false,200.0,גרמים,1,מאגדת שלגון יולו,IL,---,מאגדת שלגון יולו בלונדי,1,7290101113751,2022-09-30 01:05
7290027600007,001,001,0,true,17.9,100 גרם,27.54,false,65.0,גרמים,0,ליידי ספיד סטיק,US,קולגייט פלמוליב,ליידי ספיד סטיק סגול 65ג,1,7290101488323,2022-09-30 00:30
7290027600007,001,001,1,true,13.5,100 גרם,6.75,false,200.0,גרמים,1,צ'יטוס 10 יח',IL,"שטראוס פריטו ליי בע""מ )פ",צ'יטוס איקס עיגול20*10ג,1,7290101551645,2022-09-30 00:30
7290027600007,001,001,1,true,13.9,"100 מ""ל",5.56,false,250.0,מיליליטרים,1,אירוויק מילוי,GB,רקיט בנקיזר,איירוויק מילוי 250מל,1,7290101869788,2022-09-30 00:30
7290027600007,001,001,1,true,22.7,"100 מ""ל",2.84,false,800.0,מיליליטרים,0,אקטימל 8 יח,IL,"שטראוס גרופ בע""\מ","אקטימל תות בננה 100*8מ""ל",1,7290102031276,2022-09-30 01:05
7290027600007,001,001,1,true,5.2,"100 מ""ל",3.47,false,150.0,מיליליטרים,0,יוגורט מולר תות,IL,טרה,"יוגורט תות מולר 150 מ""ל",1,7290102390427,2022-09-30 01:05
7290027600007,001,001,1,true,5.0,100 גרם,3.33,false,150.0,גרמים,0,יוגורט מולר,IL,מילקו תעשיות בעמ,יוג.פירות יער+פרי3% 150ג,1,7290102393190,2022-09-30 00:25
7290027600007,001,001,0,true,5.9,100 גרם,3.28,false,180.0,גרמים,0,יוגורט מולר מיקס,IL,טרה,מולר מיקס קורנפ.מצופה180,1,7290102394081,2022-09-30 00:25
7290027600007,001,001,1,true,13.7,100 גרם,1.71,false,800.0,גרמים,0,מעדן שוקולד 8יח,IL,טרה,מעדן מוו שוקולד 100*8גר,1,7290102396399,2022-09-30 00:30
7290027600007,001,001,1,true,5.0,100 גרם,3.33,false,150.0,גרמים,0,יוגורט תות,IL,טרה,יוגורט0% סימפלי תות 150ג,1,7290102396719,2022-09-30 00:30
7290027600007,001,001,1,true,16.9,"100 מ""ל",9.39,false,180.0,מיליליטרים,0,דאו.טיטניום,IL,,דאו.טיטניום,1,7290104962073,2022-09-30 01:05
7290027600007,001,001,0,true,19.9,ליטר,19.9,false,1.0,ליטרים,1,סופטקר אל סבון,IL,קוסמופארם בע'\'\מ,סופטקר אל סבון קלאסי 1 ל,1,7290104963223,2022-09-30 00:30
7290027600007,001,001,1,true,39.9,"100 מ""ל",66.5,false,60.0,מיליליטרים,1,סקינגארד קרם,IL,אמיליה קוסמטיקס בעמ,סקין גארד קרם הגנה לגולש,1,7290104964701,2022-09-30 00:30
7290027600007,001,001,1,true,3.2,"100 מ""ל",1.6,false,200.0,מיליליטרים,0,שמנת 9% יטבתה,IL,מחלבת יטבתה,שמנת 9% יטבתה מהדרין200מ,1,7290105368928,2022-09-30 00:30
7290027600007,001,001,0,true,17.9,"100 מ""ל",2.39,false,750.0,מיליליטרים,0,סבון פלמוליב,TR,קולגייט פלמוליב,סבון פלמוליב שקדים 750 מ,1,7290105430458,2022-09-30 00:25
7290027600007,001,001,1,true,17.9,100 גרם,35.8,false,50.0,גרמים,0,דאו.ספיד סטיק,US,קולגייט פלמוליב,דאו.ספיד ס.סטיינגארד50ג,1,7290105430502,2022-09-30 00:30
7290027600007,001,001,1,true,17.9,100 גרם,14.32,false,125.0,גרמים,0,חטיפי FREE,IL,טבעית מוצרים מן הטבע בעמ,חטיף FREE תמרים קשיו25*5,1,7290105436382,2022-09-30 00:30
7290027600007,001,001,1,true,104.9,"100 מ""ל",14.99,false,700.0,מיליליטרים,0,וויסקי ג'ק דניאל,US,,וויסקי ג'ק דניאל,1,7290105500236,2022-09-30 00:25
7290027600007,001,001,1,true,21.9,ליטר,15.65,false,1.4,ליטרים,0,לה קרמריה,IL,---,לה קרמריה תותים,1,7290106576858,2022-09-30 00:30
7290027600007,001,001,0,true,21.9,ליטר,15.65,false,1.4,ליטרים,0,לא קרמריה,IL,גלידות נסטלה,לה קרמריה וניל+שוק,1,7290106577039,2022-09-30 00:30
7290027600007,001,001,0,true,14.9,100 גרם,4.26,false,350.0,גרמים,1,ממרח חלבה,IL,אלמנדוס,ממרח חלבה 350 גרם,1,7290106770577,2022-09-30 01:05
7290027600007,001,001,1,true,14.9,ליטר,9.93,false,1.5,ליטרים,1,סנו ג'ט פלוס,IL,"סנו מפעלי ברונוס בע""\מ",סנו ג'ט רצפות חומץ 1.5ל,1,7290108351156,2022-09-30 00:30
7290027600007,001,001,0,true,20.2,ליטר,10.1,false,2.0,ליטרים,1,נוזל לניקוי רצפו,IL,סנו מפעלי ברונוס בעמ,נוזל לניקוי רצפות 2 ליטר,1,7290108351750,2022-09-30 01:05
7290027600007,001,001,1,true,13.9,"100 מ""ל",9.27,false,150.0,מיליליטרים,1,דאו.ספריי ביו,CZ,קוסטר אירוסול,דאו. ספריי ביו וולווט150,1,7290108357097,2022-09-30 01:05
7290027600007,001,001,1,true,10.0,"100 מ""ל",1.43,false,700.0,מיליליטרים,1,כיף מרכך שיער,IL,קוסמופארם,כיף מרכך לשיער רגיל700מל,1,7290108357769,2022-09-30 01:05
7290027600007,001,001,1,true,9.9,100 גרם,2.54,false,390.0,גרמים,1,עגבניות מרוסקות,IT,סאק,עגבנ.איטלקיות מרוסקות390,1,7290108508130,2022-09-30 01:05
7290027600007,001,001,1,true,10.9,100 גרם,9.08,false,120.0,גרמים,1,פרוסות פילה טונה,TH,---,פרוסות פילה טונה 120 גרם,1,7290108509939,2022-09-29 11:50
7290027600007,001,001,1,true,34.9,100 גרם,12.46,false,280.0,גרמים,1,וונדרס בורגר,IL,---,וונדרס בורגר 280 גרם,1,7290109580319,2022-09-30 01:05
7290027600007,001,001,1,true,24.9,100 גרם,13.83,false,180.0,גרמים,1,סלמי בטעם כמהין,IL,---,סלמי בטעם כמהין פרימיום,1,7290109580449,2022-09-30 01:05
7290027600007,001,001,0,true,5.4,"100 מ""ל",1.64,false,330.0,מיליליטרים,1,ספרייט ליים פחית,IL,החברה המרכזית לייצור משק,ספרייט ליים פחית 330מ,1,7290110110659,2022-09-30 00:30
7290027600007,001,001,1,true,21.9,"100 מ""ל",2.92,false,750.0,מיליליטרים,1,סירופ תפוזים,IL,גת,סירופ תפוזים פריגת 750מל,1,7290110116392,2022-09-30 01:05
7290027600007,001,001,0,true,5.5,100 גרם,3.5,false,157.0,גרמים,1,יופלה און טופ,IL,מחלבת אלון תבור,יופלה און טופ קורנפלק157,1,7290110326227,2022-09-30 01:05
7290027600007,001,001,1,true,22.9,100 גרם,11.45,false,200.0,גרמים,1,פרוסות צהובה,IL,"תנובה בע""\מ",פרוסות צהובה ט.זיתים200,1,7290110329839,2022-09-30 01:05
7290027600007,001,001,1,true,18.9,100 גרם,37.8,false,50.0,גרמים,1,קפסולות קפה,IL,שטראוס קפה בי.וי.,קפסולות קפה מס 20 50 גרם,1,7290110572884,2022-09-30 01:05
7290027600007,001,001,0,true,12.9,יחידה,12.9,false,1.0,יחידה,1,כריות יפניות,IL,---,כרית יפנית אנטיבקטריאלית,1,7290111342042,2022-09-30 00:30
7290027600007,001,001,1,true,16.9,יחידה,16.9,false,1.0,יחידה,1,מטליות מקרופייבר,CN,---,מטלית מקרופיבר אנטיבקטרי,1,7290111342073,2022-09-30 00:30
7290027600007,001,001,0,true,22.0,יחידה,22.0,false,1.0,יחידה,1,נייר טואלט לח4יח,IL,---,לילי לח קידס מארז 4,1,7290111342738,2022-09-30 01:05
7290027600007,001,001,1,true,13.9,יחידה,13.9,false,1.0,יחידה,1,שקיות למקרר,TR,---,ניקול שקיות למקרר 5יח,1,7290111345722,2022-09-30 01:05
7290027600007,001,001,1,true,10.9,יחידה,10.9,false,1.0,יחידה,1,קולר לחתול יחידה,CN,---,קולר לחתול יחידה,1,7290111778254,2022-09-30 01:05
7290027600007,001,001,0,true,10.0,100 גרם,2.86,false,350.0,גרמים,1,רוטב עגבניות,IT,אמיליאנה קונסרב סוסייטה,רוטב עגבניות לפיצה 350גר,1,7290112349750,2022-09-30 00:35
7290027600007,001,001,1,true,23.9,100 גרם,8.54,false,280.0,גרמים,1,דלישס ספגטי עגבנ,IL,גסטרונומיה פרוסט אס. אר.,דלישס ספגטי עגבניות 280,1,7290112354204,2022-09-30 01:05
7290027600007,001,001,1,true,21.9,ליטר,16.47,false,1.33,ליטרים,1,קרמיסימו מסטיגם,IL,"גלידת שטראוס בע""\מ, רחוב",קרמיסימו מסטיגם 1.33 ליט,1,7290112493965,2022-09-30 00:35
7290027600007,001,001,0,true,10.9,100 גרם,3.64,false,300.0,גרמים,1,רוטב שום לייט,IL,יוניליוור ישראל מזון בעמ,רוטב לסלט שום לייט300גר,1,7290112495792,2022-09-30 00:35
7290027600007,001,001,1,true,5.9,100 גרם,15.13,false,39.0,גרמים,1,פריכיות שוקולד,PL,"גוד פוד פרודקטס ,Sp.zo.o",פריכיות שוקולד קרמל39גרם,1,7290112495983,2022-09-30 01:05
7290027600007,001,001,0,true,27.9,100 גרם,11.87,false,235.0,גרמים,1,גודיז גלידה פיסט,IL,"גלידת שטראוס בע""\מ, רחוב",מאגדת גלידה בטעמי פיסטוק,1,7290112499219,2022-09-30 01:05
7290027600007,001,001,0,true,12.1,100 גרם,4.1,false,295.0,גרמים,1,רוטב אלף האיים,IL,אסם,רוטב אלף האיים לייט295ג,1,7290112964564,2022-09-30 01:05
7290027600007,001,001,1,true,5.7,100 גרם,6.48,false,88.0,גרמים,1,פודינג שוקולד,IL,"אסם השקעות בע""\מ",אינסטנט פודינג שוקולד88ג,1,7290112966803,2022-09-30 01:05
7290027600007,001,001,1,true,10.7,100 גרם,1.91,false,560.0,גרמים,1,זיתים טעם שום,IL,בית-השיטה עסיס תעשיות מז,זיתים ירוקים בטעם שום560,1,7290113192348,2022-09-30 01:05
7290027600007,001,001,1,true,13.9,100 גרם,2.48,false,560.0,גרמים,1,טבעות זיתי קלמטה,IL,בית השיטה תעשיות בעמ,טבעות זיתי קלמטה 560 גרם,1,7290113194090,2022-09-30 01:05
7290027600007,001,001,1,false,37.0,יחידה,37.0,false,1.0,יחידה,1,מרלבורו גולדן חפ,US,פיליפ מוריס,מרלבורו פלייבור מיקס יח,1,7290115190052,2022-09-30 01:05
7290027600007,001,001,1,false,34.5,יחידה,34.5,false,1.0,יחידה,1,מרלבורו פיין טאצ,IL,פיליפ מוריס,מרלבורו פיין טאצ' 7.1 חפ,1,7290115190137,2022-09-30 00:35
7290027600007,001,001,0,false,320.0,יחידה,320.0,false,1.0,יחידה,1,מרלבורו טאצ',IL,פיליפ מוריס,פאקט מרלבורו טאצ' PP 10,1,7290115190144,2022-09-30 01:05
7290027600007,001,001,0,false,43.0,יחידה,43.0,false,1.0,יחידה,1,פרלמנט סופר סלימ,US,פיליפ מוריס,פרלמנט סופר סלימס יח,1,7290115190175,2022-09-30 01:05
7290027600007,001,001,0,true,36.9,100 גרם,8.5,false,434.0,גרמים,1,לביבות כרישה,IL,טבעול )מקבוצת אסם השקעות,לביבות כרישה 434 גרם,1,7290115201475,2022-09-30 01:05
7290027600007,001,001,0,true,34.9,100 גרם,7.43,false,470.0,גרמים,1,טופו קראנצ'ים צ',IL,טבעול,טופו קראנצ'ים צ'ילי 470,1,7290115202250,2022-09-30 01:05
7290027600007,001,001,1,true,28.9,100 גרם,8.26,false,350.0,גרמים,1,דלישס אורז קארי,IL,אוכל ביתי ניר עציון,אורז קארי צהוב עם,1,7290115677409,2022-09-30 01:05
7290027600007,001,001,1,true,10.0,100 גרם,4.17,false,240.0,גרמים,1,חטיף נשנושים,IL,"דרך השוקולד ,1 צפת 13404",חט.נשנושים מיקס+בייגל240,1,7290116530871,2022-09-30 01:05
7290027600007,001,001,0,true,10.9,100 גרם,3.7,false,295.0,גרמים,1,רוטב לסלט קיסר,IL,יוניליוור ישראל מזון בע\,רוטב לסלט קיסר 295 גרם,1,7290116531793,2022-09-30 01:05
7290027600007,001,001,1,true,5.9,100 גרם,2.95,false,200.0,גרמים,1,יוגורט גו סמיך,IL,"תנובה בע""\מ",יוגורט גו סמיך דובדבן200,1,7290116930435,2022-09-30 01:05
7290027600007,001,001,1,true,8.9,"100 מ""ל",3.87,false,230.0,מיליליטרים,1,משקה תה קר+חלב,IL,תנובה בעמ,תה קר+חלב צ'אי מסאלה230מ,1,7290116930565,2022-09-30 00:25
7290027600007,001,001,0,true,25.9,100 גרם,5.76,false,450.0,גרמים,1,מאפה בצק עלים,GR,הלניק,מאפה בצק עלים נקניקיה450,1,7290117261484,2022-09-30 00:25
7290027600007,001,001,1,true,14.9,100 גרם,4.97,false,300.0,גרמים,1,טופו מפולי סויה,TR,---,טופו מפולי סויה 300 גרם,1,7291008509029,2022-09-30 01:05
7290027600007,001,001,0,true,7.5,100 גרם,1.5,false,500.0,גרמים,0,עדשים אדומות,IL,מיה,עדשים אדומות שופרסל500גר,1,7296073005926,2022-09-30 01:05
7290027600007,001,001,0,true,7.3,100 גרם,1.3,false,560.0,גרמים,0,זיתים ירוקים,IL,שופרסל,זיתים ירוקים בינוניים,1,7296073006381,2022-09-30 01:05
7290027600007,001,001,0,true,23.9,100 גרם,7.97,false,300.0,גרמים,0,סלמי קוניאק,IL,מעדני יחיעם,סלמי קוניאק שופרסל 300גר,1,7296073049074,2022-09-30 00:30
7290027600007,001,001,0,true,8.9,יחידה,8.9,false,1.0,יחידה,0,כריות יפניות,IL,פלסטו פוליש,4 כריות יפניות שופרסל,1,7296073078821,2022-09-30 00:25
7290027600007,001,001,1,true,11.9,100 גרם,1.49,false,800.0,גרמים,0,גזר גמדי מוקפא,IL,פרי גליל,גזר גמדי מוקפא 800 גרם,1,7296073098263,2022-09-29 08:20
7290027600007,001,001,1,true,16.9,100 גרם,2.12,false,800.0,גרמים,0,לקט בורגונדי,IL,פרי גליל,לקט בורגונדי שופרסל 800,1,7296073098287,2022-09-29 08:20
7290027600007,001,001,1,true,18.9,100 גרם,2.37,false,800.0,גרמים,0,ברוקולי 800 גר,IL,פרי גליל,ברוקולי מוקפא שופרסל 800,1,7296073098294,2022-09-29 08:20
7290027600007,001,001,1,true,14.9,100 גרם,1.87,false,800.0,גרמים,0,גרעיני תירס,IL,פרי גליל,גרעיני תירס שופרסל 800 ג,1,7296073107989,2022-09-29 08:20
7290027600007,001,001,1,true,18.9,100 גרם,2.36,false,800.0,גרמים,0,פול ירוק,IL,פרי גליל,פול ירוק שופרסל 800 גרם,1,7296073107996,2022-09-29 08:20
7290027600007,001,001,1,true,14.9,100 גרם,1.86,false,800.0,גרמים,0,שעועית ירוקה,IL,---,שעועית ירוקה חתוכה שופרס,1,7296073108023,2022-09-29 08:20
7290027600007,001,001,1,true,14.9,"ק""ג",14.9,false,1.0,קילוגרמים,0,קלחי תירס 1קג,IL,פרי גליל,קלחי תירס שופרסל 1 קג,1,7296073108061,2022-09-29 08:20
7290027600007,001,001,1,true,14.9,100 גרם,1.86,false,800.0,גרמים,0,לקט ירקות מעור,IL,פרי גליל,לקט ירקות מעורבים שופרסל,1,7296073108108,2022-09-29 08:20
7290027600007,001,001,1,true,11.9,100 גרם,2.98,false,400.0,גרמים,0,תחתיות ארטישוק,EG,---,תחתיות ארטישוק שופרסל400,1,7296073108146,2022-09-29 08:20
7290027600007,001,001,1,true,7.5,100 גרם,1.12,false,672.0,גרמים,0,מלפפונים בחומץ,IL,קבוצת יבנה מוצרי מזון,מלפפונ.בחומץ7-9 560ג20%+,1,7296073125310,2022-09-30 01:05
7290027600007,001,001,1,true,3.2,100 גרם,3.2,false,100.0,גרמים,0,חטיף חלבה שופרסל,IL,"אחדות בע""מ א.ת. ברקן",חטיף חלבה וניל שופרסל100,1,7296073140801,2022-09-30 00:25
7290027600007,001,001,0,true,16.0,100 גרם,3.2,false,500.0,גרמים,0,תערובת לכדורים,IL,"י.כהן בע""מ",תערובת לכדורי שוקולד500ג,1,7296073150442,2022-09-30 00:35
7290027600007,001,001,1,true,11.9,100 גרם,1.98,false,600.0,גרמים,0,אפונה עדינה,BE,שופרסל,אפונה ירוקה עדינה שופרסל,1,7296073173199,2022-09-29 08:20
7290027600007,001,001,1,true,14.9,100 גרם,2.48,false,600.0,גרמים,0,שעועית ירוקה,BE,ARDO,שעועית ירוקה עדינה שופרס,1,7296073173205,2022-09-29 08:20
7290027600007,001,001,1,true,14.9,100 גרם,1.86,false,800.0,גרמים,0,שעועית ירוקה,BE,ARDO,שעועית ירוקה חתוכה שופרס,1,7296073173229,2022-09-29 08:20
7290027600007,001,001,1,true,16.9,100 גרם,2.11,false,800.0,גרמים,0,שעועית לבנה,IL,פרי גליל,שעועית לבנה שופרסל 800גר,1,7296073192633,2022-09-29 08:20
7290027600007,001,001,1,true,11.9,100 גרם,1.49,false,800.0,גרמים,0,גרגרי חומוס,IL,---,גרגרי חומוס שופרסל 800גר,1,7296073192657,2022-09-29 08:20
7290027600007,001,001,0,true,10.9,100 גרם,2.18,false,500.0,גרמים,0,פנה מלא אורגני,IT,,פנה מלא אורגני,1,7296073205456,2022-09-30 01:05
7290027600007,001,001,0,true,32.9,"ק""ג",32.9,true,0.0,קילוגרמים,0,פילה אמנון קפוא,CN,---,פילה אמנון קפוא,1,7296073211624,2022-09-30 00:30
7290027600007,001,001,0,true,6.7,100 גרם,6.7,false,100.0,גרמים,0,קפה טורקי עם הל,IL,,קפה טורקי עם הל,1,7296073219262,2022-09-30 00:30
7290027600007,001,001,0,true,18.9,100 גרם,2.91,false,650.0,גרמים,0,ג'חנון אפוי שופר,IL,אופרה,ג'חנון אפוי שופרסל 650ג,1,7296073222316,2022-09-30 00:30
7290027600007,001,001,0,true,11.9,100 גרם,2.38,false,500.0,גרמים,0,אורז חום,IL,,אורז חום,1,7296073224389,2022-09-30 01:05
7290027600007,001,001,0,true,11.9,100 גרם,2.38,false,500.0,גרמים,0,אורז חום עגול,IL,,אורז חום עגול,1,7296073224433,2022-09-30 01:05
7290027600007,001,001,1,true,14.9,100 גרם,1.86,false,800.0,גרמים,0,אפונה ירוקה,BE,---,אפונה ירוקה קפואה שופרסל,1,7296073224891,2022-09-29 08:20
7290027600007,001,001,1,true,10.9,100 גרם,12.11,false,90.0,גרמים,1,חטיף פריכיות,RS,בנליין פודס,חט.פריכיות שוקו חלב18*5ג,1,7296073231240,2022-09-30 00:30
7290027600007,001,001,1,true,10.9,100 גרם,12.11,false,90.0,גרמים,1,חטיף פריכיות,RS,בנליין פודס,חט.פריכיות שוקו תות18*5,1,7296073231264,2022-09-30 00:30
7290027600007,001,001,1,true,10.9,100 גרם,10.9,false,100.0,גרמים,1,שוקולד מריר תפוז,CH,פריי )שוקולד(,שוק72%. מריר תפוז 100גרם,1,7296073237662,2022-09-30 01:05
7290027600007,001,001,1,true,18.9,"ק""ג",18.9,false,1.0,קילוגרמים,1,ופלים שוקולד,IL,"מנעמים תעשיות מזון בע""\מ","וופלים בטעם שוקולד 1 ק""ג",1,7296073240853,2022-09-30 00:30
7290027600007,001,001,1,true,14.9,100 גרם,1.86,false,800.0,גרמים,1,כרובית קפואה,IL,פרי גליל,כרובית קפואה 800 גרם,1,7296073246053,2022-09-29 08:20
7290027600007,001,001,1,true,2.5,יחידה,2.5,false,1.0,יחידה,1,קיסמי אוזניים,CN,PRODUC UES DAILY JIEYANG,קסמי אוזניים מעץ שופרסל,1,7296073261193,2022-09-30 00:30
7290027600007,001,001,0,true,8.5,יחידה,8.5,false,1.0,יחידה,1,פדים להסרת איפור,CN,PRODUC UES DAILY JIEYANG,פדים להסרת איפור 80 יח,1,7296073261223,2022-09-30 00:30
7290027600007,001,001,1,true,10.9,100 גרם,2.41,false,452.0,גרמים,1,לפתן אננס,CN,FOODS HUIXANG JIANGSU,לפתן אננס 4 * 113 גרם,1,7296073266273,2022-09-30 01:05
7290027600007,001,001,1,true,13.9,"100 מ""ל",4.96,false,280.0,מיליליטרים,1,רוטב סויה,CN,DEVELOPMENT YI LIAN,"רוט.סויה ללא גלוטן280מ""ל",1,7296073266709,2022-09-30 00:30
7290027600007,001,001,1,true,25.9,"100 מ""ל",5.18,false,500.0,מיליליטרים,1,חומץ בלסמי,ES,אקווניל,חומץ בלסמי אורגני 6%,1,7296073270003,2022-09-30 00:30
7290027600007,001,001,0,true,19.9,100 גרם,6.42,false,310.0,גרמים,1,נקניקיות עוף בקר,IL,זוגלובק,נקניקיות עוף ובקר פרימיו,1,7296073283737,2022-09-30 01:05
7290027600007,001,001,0,true,17.9,יחידה,17.9,false,1.0,יחידה,1,כפות שקופות,CN,כללי,"כף שקוף עבה ח""פ 100 יח",1,7296073285298,2022-09-30 00:30
7290027600007,001,001,1,true,11.9,100 גרם,1.99,false,600.0,גרמים,1,במיה 600 גרם,EG,פרי גליל,במיה שופרסל 600 גרם,1,7296073292210,2022-09-29 08:20
7290027600007,001,001,1,true,14.9,100 גרם,2.98,false,500.0,גרמים,1,שמרים יבשים,TR,---,שמרים יבשים 500 גרם,1,7296073296744,2022-09-30 00:30
7290027600007,001,001,0,true,14.9,100 גרם,24.83,false,60.0,גרמים,1,חליטת ג'ינג'ר,IL,עדנים,חליט.ג'ינגר שומר אשכול60,1,7296073296959,2022-09-30 00:30
7290027600007,001,001,1,true,14.9,100 גרם,40.27,false,37.0,גרמים,1,תה ירוק נענע,IL,עדנים,תה ירוק נענע 37.5 גרם,1,7296073323037,2022-09-30 00:30
7290027600007,001,001,1,true,4.9,100 גרם,4.08,false,120.0,גרמים,1,מחית פירות,ES,גו פרוסלבה,פריפלצת מיקס פירות120ג,1,7296073323662,2022-09-30 01:05
7290027600007,001,001,1,true,29.9,יחידה,29.9,false,1.0,יחידה,0,מברשת מטקה שחורה,CN,BE NOW,מברשת שיער מטקה שחורה,1,7296073331612,2022-09-30 00:30
7290027600007,001,001,0,true,28.9,יחידה,28.9,false,1.0,יחידה,0,מברשת אובל שחורה,CN,BE NOW,מברשת שיער אובלית שחורה,1,7296073331629,2022-09-30 00:30
7290027600007,001,001,1,true,14.9,יחידה,14.9,false,1.0,יחידה,0,8קליפסים S חום,CN,BE NOW,קליפסים קטנים 8 יח חום,1,7296073332541,2022-09-30 01:05
7290027600007,001,001,0,true,14.9,יחידה,14.9,false,1.0,יחידה,0,4קליפס M שחור,CN,BE NOW,קליפס בינוני 4 יח שחור,1,7296073332558,2022-09-30 01:05
7290027600007,001,001,1,true,9.9,יחידה,9.9,false,1.0,יחידה,0,כובע אמבט ניילון,CN,BE NOW,כובע אמבט ניילון,1,7296073332992,2022-09-30 01:05
7290027600007,001,001,1,true,10.9,יחידה,10.9,false,1.0,יחידה,1,מבריק הפלא,PL,אלבגינו,מבריק הפלא 3 יחידות,1,7296073345206,2022-09-30 01:05
7290027600007,001,001,1,true,8.9,"100 מ""ל",8.9,false,100.0,מיליליטרים,1,משחת שיניים הרבל,BG,---,משחת שיניים פרופ+הרבל100,1,7296073345305,2022-09-30 00:30
7290027600007,001,001,1,true,10.9,יחידה,10.9,false,1.0,יחידה,1,מברשת שיניים KID,TR,---,מברשת שיניים ילדים גיל+5,1,7296073345350,2022-09-30 01:05
7290027600007,001,001,0,true,13.9,100 גרם,2.78,false,500.0,גרמים,1,עוגיות לבבות,IL,---,עוגיות לבבות 500 גרם,1,7296073359913,2022-09-30 01:05
7290027600007,001,001,1,true,14.9,ליטר,3.73,false,4.0,ליטרים,1,אקונומיקה סמיכה,IL,קומפלקס כימיקלים,אקונומיקה סמיכה מבושמת4ל,1,7296073362647,2022-09-30 00:30
7290027600007,001,001,0,true,27.9,100 גרם,5.07,false,550.0,גרמים,1,מג'דרה 550 גרם,IL,---,מג'דרה 550 גרם,1,7296073362722,2022-09-30 00:30
7290027600007,001,001,0,true,9.9,"100 מ""ל",19.8,false,50.0,מיליליטרים,1,משחת שיניים לילד,BG,MENUFACLURER,משחת שיניים לילדים גיל 6,1,7296073364719,2022-09-30 01:05
7290027600007,001,001,1,true,33.9,100 גרם,12.11,false,280.0,גרמים,1,בייבי גאודה פסטו,NL,הנרי ויליך,בייבי גאודה פסטו 280 גרם,1,7296073365266,2022-09-30 01:05
7290027600007,001,001,1,true,18.9,100 גרם,3.37,false,560.0,גרמים,1,מאגדת מצופה בננה,IL,גלידות פלדמן,מאגדת מצופה בננה 8יח,1,7296073365730,2022-09-29 08:20
7290027600007,001,001,1,true,18.9,100 גרם,3.37,false,560.0,גרמים,1,מאגדת מצופים שוק,IL,גלידות פלדמן,מאגדת מצופים שוקולד 8 יח,1,7296073365747,2022-09-29 08:20
7290027600007,001,001,1,true,19.9,100 גרם,7.65,false,260.0,גרמים,1,מאגדת גביע ופל,IL,גלידות פלדמן,מאגדת גביע ופל וניל 260,1,7296073365754,2022-09-29 08:20
7290027600007,001,001,1,true,23.9,100 גרם,7.97,false,300.0,גרמים,1,מאגדת מיני בר,IL,גלידות פלדמן,מאגדת מיני בר וניל 5 יח,1,7296073365792,2022-09-29 08:20
7290027600007,001,001,1,true,23.9,100 גרם,7.97,false,300.0,גרמים,1,מאגדת מיני בר,IL,גלידות פלדמן,מאגדת מיני ברשוקולד 5 יח,1,7296073365808,2022-09-29 08:20
7290027600007,001,001,0,true,12.9,100 גרם,2.59,false,498.0,גרמים,1,קמח תפוחי אדמה,IL,---,קמח תפוחי אדמה498גרם,1,7296073365952,2022-09-30 01:05
7290027600007,001,001,0,true,12.9,100 גרם,3.23,false,400.0,גרמים,1,אורז בסמטי מתובל,IL,---,אורז בסמטי בסגנון מרוקאי,1,7296073368496,2022-09-30 01:05
7290027600007,001,001,0,true,12.9,100 גרם,3.23,false,400.0,גרמים,1,אורז בסמטי מתובל,IL,---,אורז בסמטי בסגנון פרסי,1,7296073368533,2022-09-30 01:05
7290027600007,001,001,1,true,8.9,100 גרם,1.78,false,500.0,גרמים,1,קוואקר עבה,IL,---,קוואקר עבה 500 גרם,1,7296073368878,2022-09-30 00:30
7290027600007,001,001,1,true,10.9,יחידה,10.9,false,1.0,יחידה,1,גלילים לא.צרכים,CN,---,גלילים לאיסוף צרכים 3 יח,1,7296073372165,2022-09-30 01:05
7290027600007,001,001,0,true,37.9,100 גרם,5.41,false,700.0,גרמים,1,קציצות עוף+ירקות,IL,סי.אי.פי מבוא חורון,קציצות עוף עם ירקות700גר,1,7296073376941,2022-09-30 00:30
7290027600007,001,001,0,true,28.9,ליטר,9.63,false,3.0,ליטרים,1,ג'ל כביסה בייבי,IL,גליל כימיקלים בעמ,ג'ל כביסה מרוכז בייבי3ל,1,7296073379324,2022-09-30 00:30
7290027600007,001,001,0,true,10.9,100 גרם,10.9,false,100.0,גרמים,1,ראס אל חנות,IL,א.ל ייצור ושיווק תבלינים,ראס אל חנות 100 גרם,1,7296073379690,2022-09-30 01:05
7290027600007,001,001,1,true,10.9,100 גרם,2.37,false,460.0,גרמים,1,עגבניות שרי כתום,IL,עידו נחום,עגבניה שרי כתום,1,7296073380160,2022-09-30 00:30
7290027600007,001,001,1,true,13.9,"100 מ""ל",1.99,false,700.0,מיליליטרים,1,Be ג'ל רחצה,TR,קוסמטיקס,Be ג'ל רחצה מקדמיה 700מ,1,7296073380825,2022-09-30 01:05
7290027600007,001,001,1,true,12.9,"100 מ""ל",1.84,false,700.0,מיליליטרים,1,תחליב רחצה,TR,שופרסל,"תחליב רחצה Cotton700מ""",1,7296073381242,2022-09-30 01:05
7290027600007,001,001,0,true,10.9,"100 מ""ל",1.56,false,700.0,מיליליטרים,1,מרכך לשיער רגיל,TR,---,מרכך ש.רגיל ביוטין700מל,1,7296073388777,2022-09-30 01:05
7290027600007,001,001,1,true,10.9,100 גרם,12.11,false,90.0,גרמים,1,חטיפי פריכיות,RS,בנליין פודס,חטיף פרכיות שוק.מריר18*5,1,7296073390947,2022-09-30 01:05
7290027600007,001,001,1,true,10.9,100 גרם,5.45,false,200.0,גרמים,1,תרד ניו זילנדי,IL,יגור חקלאות ועסקים,תרד ניו זילנדי,1,7296073396505,2022-09-30 01:05
7290027600007,001,001,1,true,21.9,100 גרם,6.26,false,350.0,גרמים,1,מאגדת שרבט תות 5,IL,---,מאגדת שרבט תות 5 יח',1,7296073396604,2022-09-29 08:20
7290027600007,001,001,1,true,23.9,100 גרם,7.97,false,300.0,גרמים,1,מאגדת מיני בר ש.,IL,גלידות פלדמן,מאגדת מיני בר ש.לבן 5 יח,1,7296073396628,2022-09-29 08:20
7290027600007,001,001,1,true,23.9,100 גרם,6.29,false,380.0,גרמים,1,מאגדת שוקוביס,IL,---,מאגדת שוקוביס 380גרם,1,7296073396635,2022-09-29 08:20
7290027600007,001,001,0,true,22.9,100 גרם,11.45,false,200.0,גרמים,1,גאודה מיושנת,NL,הנרי ויליך,גאודה מיושנת צאנק 200 גר,1,7296073398615,2022-09-30 01:05
7290027600007,001,001,0,true,13.9,100 גרם,5.56,false,250.0,גרמים,1,סלט תירס מקסיקני,IL,---,סלט תירס מקסיקני 250 גרם,1,7296073398677,2022-09-30 00:30
7290027600007,001,001,1,true,9.9,"100 מ""ל",1.98,false,500.0,מיליליטרים,1,גלידת שמנת וניל,NL,DESSERT DE,גלידת שמנת וניל עוגיות,1,7296073398783,2022-09-30 01:05
7290027600007,001,001,0,true,16.9,יחידה,16.9,false,1.0,יחידה,1,שמינייה סוללות,CN,בסט סין,שמינייה סוללות AAA,1,7296073399001,2022-09-30 01:05
7290027600007,001,001,1,true,14.9,"100 מ""ל",1.99,false,750.0,מיליליטרים,1,מבשם כביסה ספא,IL,---,מבשם כביסה ספא כחול750מל,1,7296073400028,2022-09-30 01:05
7290027600007,001,001,1,true,11.9,100 גרם,3.01,false,395.0,גרמים,1,מיונז לחיץ,ES,ACESUR,מיונז אמיתי לחיץ 395 גרם,1,7296073404194,2022-09-30 01:05
7290027600007,001,001,0,true,10.0,100 גרם,2.0,false,500.0,גרמים,1,פופקורן למיקרוגל,BG,AST נובולוג,פופקורן טבעי 5 * 100 גרם,1,7296073409113,2022-09-30 00:35
7290027600007,001,001,1,true,9.9,100 גרם,6.6,false,150.0,גרמים,1,ביסקוויט שוקולד,ES,---,ביסקוויט שוקולד מריר150ג,1,7296073413332,2022-09-30 01:05
7290027600007,001,001,0,true,9.6,"100 מ""ל",2.91,false,330.0,מיליליטרים,1,מי קוקוס אננס,VN,כללי,"מי קוקוס אננס 330 מ""ל",1,7296073416111,2022-09-30 01:05
7290027600007,001,001,1,true,12.9,100 גרם,8.06,false,160.0,גרמים,1,כרוב קייל,IL,משק יגור,כרוב קייל הידרופוני 160,1,7296073417316,2022-09-30 01:05
7290027600007,001,001,0,true,15.9,יחידה,15.9,false,1.0,יחידה,1,סלרי שורש אורגני,IL,כללי,סלרי שורש אורגני יחידה,1,7296073424413,2022-09-30 01:05
7290027600007,001,001,1,true,14.9,100 גרם,9.31,false,160.0,גרמים,1,חטיף דגנים,AT,BACK AND SNACK,חט.דגנים שוק.חלב+חלבון4י,1,7296073427827,2022-09-30 01:05
7290027600007,001,001,0,true,10.0,100 גרם,5.56,false,180.0,גרמים,1,ממרח זעתר,IL,"פרסקו חצבה 2006 בע""\מ",ממרח זעתר 180 גרם,1,7296073429821,2022-09-30 01:05
7290027600007,001,001,0,true,19.9,יחידה,19.9,false,1.0,יחידה,0,רביולי בטטה פרימ,,,רביולי בטטה פרימ,1,7296073431138,2022-09-30 01:05
7290027600007,001,001,1,true,19.9,100 גרם,3.98,false,500.0,גרמים,1,מאפין טעם שוקו,IL,גידרון,עוגת מאפין שוקולד 500גרם,1,7296073431886,2022-09-30 00:35
7290027600007,001,001,1,true,6.9,יחידה,6.9,false,1.0,יחידה,1,מטלית למשטחים,CN,LTD Y.B.T.C,מטלית אנטיבקטראל למשטחים,1,7296073432326,2022-09-30 01:05
7290027600007,001,001,1,true,10.0,יחידה,10.0,false,1.0,יחידה,0,ג'ל רחצה לגבר,,,ג'ל רחצה לגבר,1,7296073441625,2022-09-30 01:05
7290027600007,001,001,1,true,11.9,100 גרם,2.98,false,400.0,גרמים,1,תחתיות ארטישוק,EG,INDUSTRY FOOD FOR SILVA,תחתיות ארטישוק 400 גרם,1,7296073445159,2022-09-29 08:20
7290027600007,001,001,1,true,11.9,100 גרם,1.99,false,600.0,גרמים,1,במיה 600 גרם,IL,INDUSTRY FOOD FOR SILVA,במיה קפואה 600 גרם,1,7296073445166,2022-09-29 08:20
7290027600007,001,001,1,true,15.1,ליטר,15.1,false,1.0,ליטרים,1,קצף אקונומיקה,IL,קומפלקס כימיקלים,קצף אקונומיקה לוונדר 1 ל,1,7296073445678,2022-09-30 01:05
7290027600007,001,001,0,true,13.9,100 גרם,6.62,false,210.0,גרמים,1,חטיף שבולת שועל,IL,"אפקטבעי בע""\מ",חטיף ש.שועל+דבש42*5ג,1,7296073448112,2022-09-30 01:05
7290027600007,001,001,1,true,15.9,100 גרם,3.18,false,500.0,גרמים,1,יוגורט יווני,GR,S.A MEVGAL,יוגורט יווני 10% 500 גרם,1,7296073449171,2022-09-30 00:35
7290027600007,001,001,1,true,21.9,100 גרם,4.87,false,450.0,גרמים,1,תות בננה תמר קפו,RS,D.O.O LAKI,תות בננה תמר קפוא לשייק,1,7296073450313,2022-09-29 08:20
7290027600007,001,001,1,true,21.9,100 גרם,4.87,false,450.0,גרמים,1,מנגו תות תמר קפו,RS,D.O.O LAKI,מנגו תות תמר קפוא לשייק,1,7296073450320,2022-09-29 08:20
7290027600007,001,001,1,true,4.9,100 גרם,16.33,false,30.0,גרמים,1,פריכיות משולשים,IL,"פרח תעשיות מזון בע""\מ",פריכיות משולשים ט.טבעי30,1,7296073450740,2022-09-30 01:05
7290027600007,001,001,1,true,19.9,100 גרם,2.49,false,800.0,גרמים,1,לקט קפוא דלעת גז,IL,פרי גליל,לקט קפוא דלעת גזר גמדי,1,7296073450771,2022-09-30 01:05
7290027600007,001,001,0,true,14.9,100 גרם,8.28,false,180.0,גרמים,1,טפנד זיתים ירוקי,IL,"פרסקו חצבה 2006 בע""\מ",טפנד זיתים ירוקים שופרסל,1,7296073451945,2022-09-30 01:05
7290027600007,001,001,0,true,14.9,100 גרם,8.28,false,180.0,גרמים,1,ממרח שום שופרסל,IL,"פרסקו חצבה 2006 בע""\מ",ממרח שום שופרסל 180 גרם,1,7296073451952,2022-09-30 01:05
7290027600007,001,001,1,true,29.9,100 גרם,4.27,false,700.0,גרמים,1,שניצל אמיתי מעוד,IL,מילועוף,שניצל אמיתי מעודן 700 גר,1,7296073453970,2022-09-29 08:20
7290027600007,001,001,1,true,29.9,100 גרם,4.27,false,700.0,גרמים,1,שניצל אמיתי בציפ,IL,מילועוף,שניצל אמיתי בציפוי צ'יפס,1,7296073453987,2022-09-29 08:20
7290027600007,001,001,1,true,29.9,100 גרם,4.27,false,700.0,גרמים,1,שניצל דק בציפוי,IL,מילועוף,שניצל דק בציפוי פריך,1,7296073453994,2022-09-29 08:20
7290027600007,001,001,1,true,29.9,100 גרם,4.27,false,700.0,גרמים,1,שניצל אמיתי ביתי,IL,מילועוף,שניצל אמיתי בסגנון ביתי,1,7296073454007,2022-09-29 08:20
7290027600007,001,001,0,true,6.2,100 גרם,6.2,false,100.0,גרמים,1,שוקולד חלב,CH,דליקה,שוקולד חלב קורנפלקס 100ג,1,7296073457244,2022-09-30 01:05
7290027600007,001,001,0,true,4.7,100 גרם,2.61,false,180.0,גרמים,1,יוגורט ביו 1.5%,IL,מחלבות רמת הגולן,יוגורט BIO אורגני1801.5%,1,7296073458029,2022-09-30 01:05
7290027600007,001,001,0,true,6.5,100 גרם,7.22,false,90.0,גרמים,1,פיתה צ'יפס,IT,SRL ONE,פיתה ציפס בטעם פיצה 90 ג,1,7296073473589,2022-09-30 01:05
7290027600007,001,001,1,true,13.9,100 גרם,6.95,false,200.0,גרמים,1,שקדי מרק ל.גלוטן,IL,"חיים טובים מזון בע""\מ",שקדי מרק ללא גלוטן 200 ג,1,7296073473657,2022-09-30 01:05
7290027600007,001,001,1,true,24.9,100 גרם,7.32,false,340.0,גרמים,1,ממרח טחינה,IL,ענבי ציון,ממרח טחינה שקדים340ג,1,7296073496892,2022-09-30 01:05
7290027600007,001,001,1,true,9.9,יחידה,9.9,false,1.0,יחידה,1,מגבוני ניקוי,IL,עלבד,מגבוני ניקוי עם חומץ50יח,1,7296073513629,2022-09-30 01:05
7290027600007,001,001,1,true,16.9,"ק""ג",16.9,false,1.0,קילוגרמים,1,בצק עלים,GR,ARABATZIS,"בצק עלים 1 ק""ג",1,7296073528562,2022-09-29 08:20
7290027600007,001,001,0,true,10.9,100 גרם,6.06,false,180.0,גרמים,1,כוסברה לתיבול,IL,"פרסקו חצבה 2006 בע""\מ",כוסברה לתיבול 180גרם,1,7296073529095,2022-09-30 01:05
7290027600007,001,001,0,true,10.9,100 גרם,6.06,false,180.0,גרמים,1,פטרוזיליה לתיבול,IL,"פרסקו חצבה 2006 בע""\מ",פטרוזיליה לתיבול 180גרם,1,7296073529101,2022-09-30 01:05
7290027600007,001,001,1,true,13.9,100 גרם,7.72,false,180.0,גרמים,1,פונדנט שוקולד,FR,SAS POMONE,פונדנט שוקולד קפוא180גרם,1,7296073529415,2022-09-29 08:20
7290027600007,001,001,0,true,11.9,100 גרם,1.49,false,800.0,גרמים,1,פירורי לחם מוזהב,IL,מאפיית דוידוביץ ובניו בע,פירורי לחם מוזהבים 800 ג,1,7296073530114,2022-09-30 01:05
7290027600007,001,001,1,true,19.9,100 גרם,6.03,false,330.0,גרמים,1,רביולי גבינות,IL,זוקה,רביולי גבינות קפוא 330 ג,1,7296073552796,2022-09-29 08:20
7290027600007,001,001,1,true,19.9,100 גרם,6.03,false,330.0,גרמים,1,רביולי בטטה,IL,זוקה,רביולי בטטה קפוא 330 גרם,1,7296073552802,2022-09-29 08:20
7290027600007,001,001,1,true,19.9,100 גרם,6.03,false,330.0,גרמים,1,רביולי סלק קפואר,IL,זוקה,רביולי סלק קפוא,1,7296073552826,2022-09-29 08:20
7290027600007,001,001,1,true,26.9,100 גרם,6.73,false,400.0,גרמים,1,פיצה פרימיום,IT,SRL PIZZA MEGIC,פיצה פרימיום עם זיתים 40,1,7296073554097,2022-09-30 01:05
7290027600007,001,001,1,true,12.9,ליטר,12.9,false,1.0,ליטרים,1,BE אל סבון,TR,טאהא קימיה,BE אל סבון מאסק 1ליטר,1,7296073564683,2022-09-30 01:05
7290027600007,001,001,0,true,17.9,100 גרם,9.94,false,180.0,גרמים,1,קצפיות מרנג תות,IL,"אחדות ביח""ר לטחינה",קצפיות מרנג טעם תות 180ג,1,7296073565567,2022-09-30 01:05
7290027600007,001,001,1,true,25.0,יחידה,25.0,false,1.0,יחידה,1,רדיד אלומיניום,IL,"אופל אריזות בע""\מ",רדיד אלומיניום כוכבים 16,1,7296073580294,2022-09-30 01:05
7290027600007,001,001,1,true,11.9,יחידה,11.9,false,1.0,יחידה,1,אטבי כביסה מעץ,CN,סילק פלסטיק,אטבי כביסה מעץ 24 יחידות,1,7296073594406,2022-09-30 01:05
7290027600007,001,001,1,true,18.9,"100 מ""ל",7.56,false,250.0,מיליליטרים,1,יין שרדונה פחית,IT,---,"יין שרדונה פחית 250 מ""ל",1,733353400561,2022-09-30 01:05
7290027600007,001,001,1,true,18.0,100 גרם,18.0,false,100.0,גרמים,0,שוקולד לינדור,CH,לינדט ושפרונגלי קילשברג,שוק.לינדור מריר60% 100ג,1,7610400074155,2022-09-30 00:25
7290027600007,001,001,1,true,29.9,100 גרם,13.23,false,226.0,גרמים,1,סנסשיונל בורגר,CZ,"טבעול צ'\כיה בע""\מ",סנסשיונל בורגר צמחוני,1,7613039770450,2022-09-30 01:05
7290027600007,001,001,1,true,10.0,100 גרם,3.39,false,295.0,גרמים,1,מתבל איולי ספייס,PL,נסטלה פולין,מתבל איולי ספייסי 295 גר,1,7613287325853,2022-09-30 01:05
7290027600007,001,001,0,true,6.9,100 גרם,4.48,false,154.0,גרמים,1,עוגיות אוראו,CZ,מונדלייז,עוגיות אוראו גולדן 154גר,1,7622210464729,2022-09-30 01:05
7290027600007,001,001,1,true,23.9,"100 מ""ל",5.05,false,473.0,מיליליטרים,0,גלידת בן& ג'רי,IL,מוצרי איכות אמריקאיים בע,גלידת שמנת קרמל וקינמון,1,76840102051,2022-09-30 00:30
7290027600007,001,001,0,true,22.9,"100 מ""ל",11.45,false,200.0,מיליליטרים,1,ג'ל גילוח פיוז'ן,GB,P&G,ג'ל גילוח פיוז'ן ע.רגיש,1,7702018464753,2022-09-30 01:05
7290027600007,001,001,0,true,53.4,יחידה,53.4,false,1.0,יחידה,1,מכשיר גילוח,PL,פרוקטר & גמבל,מכשיר גילוח פיוז'ן ידני,1,7702018866946,2022-09-30 01:05
7290027600007,001,001,1,true,17.7,100 גרם,5.21,false,340.0,גרמים,1,סניידרס דבש חרדל,US,סניידרס אוף האנובר,שברי בייגלה דבש חרדל340ג,1,77975094778,2022-09-30 01:05
7290027600007,001,001,0,true,26.9,"100 מ""ל",5.38,false,500.0,מיליליטרים,0,מי פה קולגייט,PL,קולגייט- פלמוליב,מי פה קולגייט אופטיק500מ,1,7891024179482,2022-09-30 00:30
7290027600007,001,001,1,true,29.9,100 גרם,24.92,false,120.0,גרמים,1,קפסולות קפה,IT,---,קפסולות קפה פסיונלה 11 1,1,8000070003811,2022-09-30 01:05
7290027600007,001,001,0,true,6.8,"100 מ""ל",3.4,false,200.0,מיליליטרים,1,תחליף שמנת,IT,---,תחליף שמנת צמחי אורג200,1,8000215204370,2022-09-30 00:30
7290027600007,001,001,0,true,15.9,ליטר,15.9,false,1.0,ליטרים,1,משקה אורז קוקוס,IT,אלינור,משקה אורז קוקוס אורגני1ל,1,8000215204554,2022-09-30 01:05
7290027600007,001,001,0,true,15.2,100 גרם,6.08,false,250.0,גרמים,1,וופל קואדרטיני,AT,לואקר,ופל קואדרטיני שוק/חלב250,1,8000380180745,2022-09-30 01:05
7290027600007,001,001,1,true,23.9,100 גרם,9.56,false,250.0,גרמים,0,מעדן משמש אורגני,IT,,מעדן משמש אורגני,1,8001505000177,2022-09-30 01:05
7290027600007,001,001,0,true,27.4,100 גרם,48.07,false,57.0,גרמים,1,קפסולות קפה אילי,FR,ג'\ייקובס דאו אגרבטס פר,קפסולות קפה אילי קלאסי57,1,8003753158556,2022-09-30 01:05
7290027600007,001,001,1,true,14.9,100 גרם,31.7,false,47.0,גרמים,1,כורכום אורגני,IT,קנהמלה,כורכום אורגני 47 גרם,1,80043638,2022-09-30 01:05
7290027600007,001,001,0,true,8.9,100 גרם,1.78,false,500.0,גרמים,1,ספגטי לה מוליזנה,IT,לה מוליזנה קמפובאסן,ספגטי לה מוליזנה 500 גרם,1,8004690051573,2022-09-30 00:30
7290027600007,001,001,1,true,9.2,ליטר,6.13,false,1.5,ליטרים,0,נסטי מנגו אננ,IT,מפעל סאנפלגרינו S.P.A,נסטי מנגו אננס 1.5 ליטר,1,8005200286584,2022-09-30 01:05
7290027600007,001,001,1,true,21.9,"100 מ""ל",4.87,false,450.0,מיליליטרים,1,ה&ש שמפו 7  ב1-,FR,S BLOIS GAMBLE & PROCTER,הד&שולדרס שמפו 7ב1 450מ,1,8006540410905,2022-09-30 01:05
7290027600007,001,001,1,true,21.9,100 גרם,4.87,false,450.0,גרמים,1,הד&שולדרס שמפו,FR,S BLOIS GAMBLE & PROCTER,הד&שולדרס שמפו 7ב1 450מ,1,8006540410967,2022-09-30 01:05
7290027600007,001,001,1,true,56.9,"ק""ג",8.13,false,7.0,קילוגרמים,1,טייד אבקת כביסה,TR,"פרוקטר אנד גמבל, טורקיה.",טייד א.כביסה אפקט פיירי7,1,8006540620403,2022-09-30 01:05
7290027600007,001,001,1,true,20.9,100 גרם,6.97,false,300.0,גרמים,1,פירורי לחם,DE,כללי,פירורי לחם קמח אורז 300ג,1,8008698004753,2022-09-30 01:05
7290027600007,001,001,1,true,119.9,"100 מ""ל",17.13,false,700.0,מיליליטרים,0,וויסקי שיבס,SE,,וויסקי שיבס,1,80432402931,2022-09-30 00:30
7290027600007,001,001,1,true,14.9,100 גרם,5.96,false,250.0,גרמים,0,קנלוני ברילה,IT,ברילה,קנלוני ברילה 250 גרם,1,8076808070882,2022-09-30 00:30
7290027600007,001,001,1,true,4.3,100 גרם,16.54,false,26.0,גרמים,1,קינדר קארדס,IT,---,קינדר קארדס 25.6 גרם,1,80874652,2022-09-30 00:25
7290027600007,001,001,0,true,10.9,100 גרם,18.17,false,60.0,גרמים,1,מסטיק מנטוס,TR,---,מסטיק מנטוס מנטה חזקה60ג,1,80982470,2022-09-30 01:05
7290027600007,001,001,1,true,15.9,"100 מ""ל",8.59,false,185.0,מיליליטרים,0,שמן שומשום,TW,,שמן שומשום,1,8112100298,2022-09-30 00:30
7290027600007,001,001,0,true,10.0,100 גרם,8.33,false,120.0,גרמים,1,חטיפי פייבר 1,ES,"גלאטס סירו בע""\מ",חט.פייבר 1 קרמל מלוח24*5,1,8410076621009,2022-09-30 01:05
7290027600007,001,001,1,true,24.9,ליטר,18.86,false,1.32,ליטרים,0,בירה סאן מיגל4יח,ES,סרבסס סאן מיגל אס.אל.יו,"בירה סאן מיגל 330*4 מ""ל",1,8410655000423,2022-09-30 00:30
7290027600007,001,001,1,true,7.9,"100 מ""ל",1.58,false,500.0,מיליליטרים,1,בירה ווילדר פחית,ES,פונט סאלם וולנסיה ספרד,"בירה ווילדר פחית 500 מ""ל",1,8423453905692,2022-09-30 01:05
7290027600007,001,001,1,true,27.9,100 גרם,11.16,false,250.0,גרמים,1,צימוקים סולטנה,TR,קיי.אפ.סי,צימוקים סולטנה250ג,1,842515020155,2022-09-30 00:30
7290027600007,001,001,1,true,34.9,ליטר,17.45,false,2.0,ליטרים,1,תינוקלין ג'ל,TR,סארוהאן,תינוקלין ג'ל כביסה 2 ל',1,8435495807636,2022-09-30 01:05
7290027600007,001,001,1,true,7.9,"100 מ""ל",6.32,false,125.0,מיליליטרים,1,קרם ידיים,ES,RNB,"קרם ידיים קמומיל 125 מ""ל",1,8436037792526,2022-09-30 01:05
7290027600007,001,001,0,true,12.9,"100 מ""ל",5.16,false,250.0,מיליליטרים,1,קרם גוף,ES,---,קרם שמן גוף אוריגינל250מ,1,8436037792946,2022-09-30 01:05
7290027600007,001,001,0,true,19.7,"100 מ""ל",5.71,false,345.0,מיליליטרים,0,סירופ רימונים,TR,,סירופ רימונים,1,8691530924670,2022-09-30 00:30
7290027600007,001,001,1,true,19.9,100 גרם,38.27,false,52.0,גרמים,1,קפסולות לור,FR,ג'\ייקובס דאו אגרבטס צרפ,קפסולות לור 13 אולטימו52,1,8711000471296,2022-09-30 01:05
7290027600007,001,001,1,true,23.9,"100 מ""ל",5.43,false,440.0,מיליליטרים,0,גלידה מגנום וני,,"מפעל גלידות בווספרם, רחו",גלידה מגנום וניל קלאסיק,1,8711327475618,2022-09-30 00:35
7290027600007,001,001,0,true,27.9,"100 מ""ל",9.3,false,300.0,מיליליטרים,1,טרזמה מסכה משקמת,PL,"יוניליוור פולין, רחוב קר","טרזמה מסכה להחלקה300 מ""ל",1,8717163628812,2022-09-30 01:05
7290027600007,001,001,1,true,5.3,100 גרם,10.6,false,50.0,גרמים,0,יוגטה ממתק חמוץ,TH,סאאדת,יוגטה חמוץ שטיח תות 50גר,1,8850632604372,2022-09-30 01:05
7290027600007,001,001,1,true,15.1,ליטר,15.1,false,1.0,ליטרים,1,"משקה תפו""ע",TH,---,"צ'אבה משקה תפו""ע 1 ליטר",1,8854761020010,2022-09-30 00:35
7290027600007,001,001,1,true,15.1,ליטר,15.1,false,1.0,ליטרים,1,משקה אננס,TH,---,צ'אבה משקה אננס 1 ליטר,1,8854761120116,2022-09-30 00:35
7290027600007,001,001,0,true,15.1,ליטר,15.1,false,1.0,ליטרים,1,משקה מנדרין תפוז,TH,---,צ'אבה משקה מנדרין תפוז1ל,1,8854761370115,2022-09-30 00:35
7290027600007,001,001,1,true,12.9,"100 מ""ל",5.16,false,250.0,מיליליטרים,1,רוטב טריאקי,TH,יאן ואל יון,רוטב טריאקי מקסצ'אפ 250מ,1,8858271002887,2022-09-30 00:30
7290027600007,001,001,0,true,16.9,"100 מ""ל",2.41,false,700.0,מיליליטרים,0,רוטב סויה,TH,יאן ואל יון,רוטב סויה פורמולה 700 מ,1,8858271003020,2022-09-30 00:30
7290027600007,001,001,1,true,17.9,"100 מ""ל",2.56,false,700.0,מיליליטרים,0,רוטב חמוץ מתוק,TH,,רוטב חמוץ מתוק,1,8858271004126,2022-09-30 00:30
7290027600007,001,001,1,true,20.0,יחידה,20.0,false,1.0,יחידה,1,מברשת שיניים 3יח,IN,---,מברשת שיניים סנסודיין3יח,1,8901571011018,2022-09-30 01:05
7290027600007,001,001,0,true,23.9,100 גרם,11.95,false,200.0,גרמים,1,קיטו מיני גריסינ,IL,מצות אביב,קיטו מיני גריסיני 200 ג,1,96086000003,2022-09-30 00:35
